1780 2995
210 268 269 301 150
379 261 534 289 ADDITA
561 260 761 297 QUAEDAM
789 259 865 287 PRO
894 258 1205 286 DECLARATIONE
1232 258 1443 286 ALGEBRAE

183 384 193 399 1
771 367 911 405 Quaestio
926 370 1030 396 octaua

246 452 348 482 Diuisi
365 462 400 481 10
414 451 445 481 in
460 451 532 488 duo,
547 455 642 490 atque
656 455 789 488 Vtroque
803 450 1010 488 multiplicata
1025 459 1095 479 cum
1109 449 1218 487 seipso,
1230 447 1368 478 subtraxi
1382 447 1483 477 minus
1495 447 1533 477 de
1549 457 1614 477 ma-

206 503 262 533 iori
277 508 307 532 et
322 506 503 532 manserunt
517 511 564 537 40.
608 500 773 538 Quaeritur
787 500 825 529 de
839 500 969 529 duobus.

641 549 858 588 Respondetur
873 559 908 578 ex
922 549 1043 587 regula:
1070 558 1085 586 7
1101 553 1132 578 et
1146 558 1174 586 3.

183 617 194 638 5
247 603 374 640 Regula.
418 601 596 639 Multiplica
624 610 688 630 rem
717 610 787 629 cum
815 610 856 636 re,
885 604 916 629 et
943 599 1104 637 proueniet
1133 608 1250 628 census.
1293 597 1414 626 Deinde
1442 597 1613 635 multiplica

207 653 301 682 etiam
326 663 361 681 10
381 656 503 690 praeter
524 661 588 680 rem
609 660 679 680 cum
704 660 738 679 10
759 654 881 688 praeter
901 659 975 685 rem,
997 654 1028 678 et
1049 648 1231 687 prouenient
1256 657 1310 676 100
1331 647 1419 677 dena.
1443 651 1473 676 et
1495 657 1613 684 census,

207 703 341 740 exceptis
362 712 398 731 20
416 702 515 731 rebus.
560 700 713 730 Subtrahe
731 700 824 738 igitur
842 709 967 729 censum
985 709 1003 728 a
1025 709 1078 728 100
1097 703 1127 728 et
1146 708 1238 727 censu
1256 697 1390 735 exceptis
1410 707 1446 726 20
1464 696 1563 733 rebus,
1582 701 1614 726 et

207 757 335 782 manent
356 762 410 781 100
428 751 561 789 exceptis
581 761 616 779 20
633 750 723 779 rebus
742 759 821 788 quae
838 754 1011 787 aequantur
1028 759 1066 785 40
1083 748 1171 778 dena.
1215 747 1432 776 Restaurando
1443 746 1536 785 igitur
1553 746 1612 783 dic,

207 802 291 840 quod
308 813 362 831 100
375 801 491 831 denarii
505 804 676 839 aequentur
689 810 727 836 40
740 799 871 829 denariis
885 804 915 828 et
931 809 966 828 20
979 799 1078 828 rebus.
1122 797 1338 828 Subtrahendo
1352 796 1462 826 deinde
1474 807 1513 833 40
1525 807 1543 826 a
1559 806 1614 825 100

170 867 196 881 10
207 857 295 891 patet
317 852 401 890 quod
422 853 459 881 60
480 850 596 880 denarii
617 854 791 888 aequantur
813 859 849 878 20
870 849 976 885 rebus;
1010 853 1070 878 tres
1090 848 1184 887 igitur
1204 850 1321 880 denarii
1341 850 1383 880 rei
1404 850 1473 887 vni;
1506 855 1614 888 estque

208 902 359 932 ternarius
375 912 437 931 vna
452 900 610 930 diuisionis
626 910 707 938 pars,
724 909 818 937 quare
836 908 850 937 7
867 899 973 928 altera.

796 1007 934 1045 Quaestio
949 1017 1029 1036 nona

248 1093 348 1123 Diuisi
367 1103 402 1122 10
417 1092 448 1122 in
463 1092 525 1122 duo
540 1096 571 1121 et
586 1095 751 1129 Vtramque
766 1090 971 1128 multiplicaui
986 1100 1057 1119 curn
1071 1090 1180 1128 seipso,
1196 1091 1322 1121 adiunxi
1337 1091 1448 1121 deinde
1462 1091 1614 1129 producta

208 1143 298 1173 simul
318 1148 349 1172 et
369 1143 493 1180 insuper
513 1141 618 1171 addidi
638 1140 845 1170 differentiam
864 1140 974 1169 horum
994 1139 1127 1170 duorum
1146 1145 1316 1180 antequam
1335 1141 1615 1180 multiplicarentur

170 1206 195 1227 ις
209 1203 279 1223 cum
293 1193 409 1231 seipsis,
425 1197 455 1221 et
470 1195 679 1230 prouenerunt
696 1199 740 1228 54.
784 1190 958 1227 Quaeritur.

643 1239 860 1278 Respondetur
874 1250 909 1269 ex
923 1239 1026 1277 regula
1038 1249 1044 1269 ε
1070 1242 1087 1269 6
1101 1245 1132 1269 et
1146 1251 1173 1277 4.

248 1293 375 1330 Regula.
420 1290 597 1329 Multiplica
614 1300 678 1320 rem
695 1300 765 1319 cum
782 1300 822 1326 re,
841 1289 951 1319 deinde
968 1290 1062 1319 etiam
1082 1300 1117 1319 10
1133 1295 1255 1328 praeter
1271 1301 1336 1320 rem
1353 1301 1423 1320 curn
1443 1301 1477 1320 10
1493 1295 1616 1329 praeter

208 1353 282 1379 rem,
298 1347 328 1372 et
342 1341 422 1371 adde
436 1341 525 1371 simul
538 1340 701 1379 producta,
716 1344 747 1369 et
761 1339 890 1369 veniunt
907 1350 961 1368 100
975 1339 1091 1369 denarii
1105 1345 1136 1369 et
1152 1350 1166 1369 2
1182 1350 1299 1377 census,
1314 1341 1448 1379 exceptis
1464 1351 1500 1370 20
1514 1341 1614 1370 rebus.

210 1393 290 1423 Cum
307 1392 400 1430 igitur
417 1390 606 1429 superfluum
623 1390 703 1419 inter
719 1394 833 1427 partes,
851 1389 899 1418 vel
916 1389 1053 1427 partium
1070 1389 1253 1427 differentia,
1272 1391 1312 1420 sit
1332 1401 1367 1420 10
1384 1395 1505 1429 praeter
1525 1401 1538 1419 2
1558 1400 1614 1427 re5‚

170 1458 198 1473 20
209 1443 329 1472 adiecto
348 1442 406 1471 hoc
425 1440 589 1479 superfluo,
609 1440 666 1469 erit
686 1444 789 1469 totum
811 1449 865 1468 110
884 1439 972 1468 dena.
993 1444 1024 1469 et
1045 1449 1059 1468 2
1080 1449 1188 1469 census
1207 1440 1342 1478 exceptis
1363 1450 1397 1469 22
1417 1440 1517 1477 rebus,
1537 1450 1617 1478 quae

209 1493 313 1523 omnia
335 1496 509 1530 aequantur
533 1499 568 1528 54
591 1489 732 1519 denariis.
776 1489 836 1518 Dic
857 1489 960 1527 igitur,
983 1499 1029 1518 res
1052 1489 1244 1527 integrando,
1268 1490 1351 1528 quod
1376 1501 1431 1519 110
1453 1490 1522 1520 den.
1546 1495 1577 1520 et
1601 1500 1616 1519 2

209 1552 316 1573 census
334 1546 506 1580 aequentur
525 1549 560 1578 54
578 1540 710 1570 denariis
728 1544 758 1568 et
778 1549 812 1568 22
830 1539 930 1568 rebus.
974 1539 1162 1569 Reducendo
1180 1539 1291 1569 deinde
1308 1540 1348 1569 ad
1365 1550 1462 1570 vnum
1481 1550 1616 1576 censum,

209 1593 267 1629 dic,
285 1592 369 1631 quod
386 1600 420 1629 55
438 1590 554 1620 denarii
571 1595 601 1619 et
621 1600 632 1618 1
652 1599 759 1619 census
776 1594 948 1627 aequentur
966 1598 999 1626 27
1017 1589 1150 1619 denariis
1166 1594 1197 1619 et
1218 1600 1250 1619 11
1271 1590 1378 1626 rebus;
1406 1589 1617 1620 subtrahendo

209 1643 282 1672 verb
300 1651 334 1679 27
351 1652 369 1671 a
386 1649 432 1679 55,
449 1641 498 1670 dic
514 1640 597 1678 quod
615 1641 649 1669 28
666 1639 782 1668 denarii
798 1643 829 1668 et
845 1649 924 1668 Vnus
940 1649 1048 1668 census
1063 1644 1235 1678 aequentur
1254 1650 1285 1668 11
1303 1640 1403 1670 rebus.
1445 1641 1510 1678 Age
1525 1640 1618 1677 igitur

171 1707 196 1727 25
209 1702 262 1731 per
279 1696 374 1730 caput
391 1701 452 1729 quo
470 1700 577 1720 census
595 1694 625 1719 et
642 1689 760 1719 numeri
777 1689 868 1718 rebus
885 1694 1068 1727 aequantur,
1087 1694 1118 1718 et
1135 1689 1256 1727 patebit
1274 1690 1357 1728 quod
1374 1700 1436 1719 vna
1452 1700 1523 1728 pars
1540 1689 1617 1719 diui-

209 1742 302 1772 sionis
317 1744 334 1771 6
349 1746 380 1771 et
395 1741 492 1770 altera
506 1750 524 1776 4
539 1744 639 1769 erunt.

784 1805 923 1843 Quaestio
937 1805 1049 1834 decima

249 1890 351 1921 Diuisi
371 1900 406 1919 10
423 1890 454 1919 in
472 1889 533 1919 duo
551 1893 582 1918 et
598 1893 754 1926 vtrunque
771 1888 861 1917 diuisi
878 1888 909 1917 in
927 1888 1068 1924 alterum,
1087 1893 1118 1917 et
1135 1893 1335 1927 aggregatum
1352 1898 1388 1918 ex
1404 1888 1617 1925 diuisionibus‚

210 1941 242 1971 id
257 1946 303 1970 est
318 1940 507 1976 exeuntium,
523 1938 583 1968 fuit
600 1948 614 1967 2
631 1943 661 1967 et
676 1948 738 1967 vna
753 1942 848 1967 sexta.
891 1938 1065 1975 Quaeritur.

170 2008 199 2027 30
645 1987 863 2025 Respondetur
877 1997 912 2016 ex
925 1987 1046 2025 regula:
1071 1997 1089 2023 4
1103 1992 1133 2017 et
1148 1989 1175 2017 6.

250 2040 378 2078 Regula.
421 2039 630 2077 Aggregatum
655 2047 690 2066 ex
714 2037 972 2075 multiplicatione
996 2037 1157 2075 Vtriusque
1182 2047 1252 2067 cum
1277 2037 1386 2076 seipso,
1412 2047 1546 2076 aequum
1571 2042 1616 2067 est

211 2089 461 2128 multiplicationi
489 2088 580 2117 vnius
608 2097 678 2116 curn
706 2087 802 2116 altero
830 2091 861 2116 et
888 2086 1032 2124 producti
1061 2096 1131 2116 cum
1159 2092 1324 2125 aggregato
1352 2098 1387 2117 ex
1415 2087 1617 2117 diuisionibus

211 2140 372 2177 vtriusque
391 2139 422 2168 in
443 2138 574 2168 alterum
595 2136 678 2175 quod
697 2136 728 2165 in
748 2136 806 2165 hoc
826 2146 898 2166 casu
919 2141 964 2166 est
987 2146 1001 2165 2
1023 2141 1053 2166 et
1073 2146 1135 2165 vna
1155 2142 1250 2166 sexta.
1293 2137 1368 2166 Ideo
1388 2137 1559 2175 multiplica
1583 2147 1617 2166 10

211 2194 332 2228 praeter
350 2199 413 2218 rem
431 2198 501 2217 cum
518 2188 627 2225 seipso,
646 2191 676 2216 et
694 2196 725 2215 re
742 2196 812 2215 cum
829 2196 869 2223 re,
888 2191 918 2216 et
936 2186 1119 2224 prouenient
1139 2196 1193 2215 100
1210 2191 1242 2216 et
1261 2197 1275 2215 2
1294 2197 1411 2224 census,
1429 2187 1563 2225 exceptis
1582 2197 1617 2215 20

171 2254 198 2274 35
212 2240 311 2275 rebus,
328 2244 359 2268 et
374 2238 432 2267 hoc
448 2243 550 2268 totum
566 2241 717 2274 aequatur
735 2235 984 2274 multiplicationi
1003 2236 1045 2265 rei
1065 2246 1134 2265 cum
1153 2246 1187 2265 10
1202 2241 1323 2274 praeter
1338 2247 1411 2273 rem,
1429 2241 1459 2266 et
1474 2236 1617 2274 producti

213 2299 283 2318 cum
304 2299 318 2317 2
339 2293 369 2318 et
389 2298 451 2317 vna
470 2292 565 2317 sexta.
609 2285 667 2315 Sed
686 2286 903 2324 multiplicatio
922 2286 964 2315 rei
984 2296 1054 2315 curn
1076 2296 1111 2315 10
1129 2291 1251 2324 praeter
1269 2297 1333 2316 rem
1352 2287 1495 2324 producit
1518 2297 1552 2315 10
1571 2296 1617 2315 res

212 2343 333 2377 praeter
350 2348 484 2374 censum,
502 2337 614 2375 quibus
631 2346 701 2365 curn
720 2346 734 2364 2
751 2340 782 2365 et
798 2335 817 2373 ἐς
834 2335 1046 2373 multiplicatis
1065 2346 1097 2364 21
1116 2346 1162 2365 res
1179 2340 1210 2365 et
1225 2335 1245 2374 ξς
1261 2336 1302 2366 rei
1318 2341 1440 2374 praeter
1458 2335 1494 2374 23¹5
1511 2345 1617 2365 census

212 2388 417 2424 resultabunt,
443 2397 522 2425 quae
546 2390 719 2424 aequantur
745 2396 799 2414 100
823 2385 911 2415 dena.
937 2390 967 2415 et
994 2395 1007 2414 2
1033 2385 1172 2415 censibus
1197 2386 1330 2424 exceptis
1356 2396 1391 2415 20
1415 2386 1513 2415 rebus.
1558 2386 1616 2415 Re-

212 2435 382 2465 staurando
400 2435 493 2472 igitur
511 2444 617 2464 census
636 2440 666 2465 et
685 2445 740 2471 res,
760 2435 889 2465 veniunt
907 2445 941 2471 41
963 2445 1009 2465 res
1027 2440 1058 2465 et
1077 2434 1095 2473 ἐ
1113 2435 1154 2465 rei
1167 2436 1309 2473 aequales
1329 2446 1384 2465 100
1402 2435 1533 2465 denariis
1551 2440 1582 2465 et
1599 2445 1617 2471 4

173 2501 201 2520 40
213 2486 353 2515 censibus
378 2495 448 2514 curn
473 2489 559 2514 sexta
582 2490 670 2522 parte
695 2495 810 2514 census.
854 2485 962 2514 Reduc
985 2485 1078 2523 igitur
1104 2490 1206 2514 totum
1231 2483 1271 2513 ad
1295 2493 1391 2513 vnum
1416 2493 1540 2513 censum
1565 2482 1616 2512 sic.

215 2534 433 2565 Consideretur
453 2544 578 2564 censum
597 2545 660 2564 esse
680 2536 707 2571 6,
728 2539 759 2564 et
778 2539 868 2564 erunt
887 2545 905 2570 4
925 2545 1032 2564 census
1051 2539 1082 2564 et
1101 2539 1197 2571 sexta,
1220 2542 1264 2571 25.
1307 2533 1410 2571 Atque
1429 2532 1519 2562 huius
1539 2542 1617 2561 vnus

214 2594 331 2621 census,
353 2586 370 2613 6
391 2583 515 2620 scilicet,
537 2588 582 2613 est
603 2594 665 2613 vna
686 2584 796 2622 quinta
816 2589 847 2614 et
867 2584 976 2622 quinta
997 2584 1133 2622 quintae.
1176 2583 1286 2613 Totius
1306 2583 1399 2621 igitur
1419 2582 1502 2620 quod
1523 2581 1617 2611 habes
