1780 2995
205 272 265 292 100
538 264 658 291 LIBER
685 264 897 291 ALGEBRAE
924 264 975 290 ET
1001 264 1271 291 ALMUCABOLA

181 366 189 380 1
202 355 297 393 ipsius
317 355 417 385 medio
437 355 483 385 bis
502 360 665 393 acceptum
685 355 853 385 ternarium
873 354 1006 393 complet
1026 365 1197 384 numerum.
1241 355 1416 385 Secundum
1435 365 1506 393 ergo
1525 355 1607 385 hunc

202 405 329 434 modurn
358 405 389 434 in
418 405 508 434 huius
538 405 620 434 modi
651 405 960 443 multiplicationibus
989 415 1058 434 cum
1087 405 1230 434 omnibus
1258 405 1422 441 radicibus,
1452 410 1607 443 quotquot

201 454 340 493 integrae
362 455 410 484 vel
434 455 551 484 fractae
573 455 698 492 fuerint,
722 455 875 492 agendum
899 455 965 484 erit.

763 538 875 567 Modus
890 537 1048 567 diuidendi

178 634 190 655 5
241 620 272 650 Si
291 625 397 650 autem
416 621 550 650 radicem
574 621 691 650 numeri
714 620 873 650 nouenarii
896 620 926 649 in
949 621 1083 650 radicem
1102 621 1290 658 quaternarii
1309 620 1446 650 diuidere
1464 620 1607 650 volueris.

201 670 316 699 Diuide
337 681 353 707 9
374 670 404 700 in
425 681 443 707 4
463 676 492 700 et
514 676 625 700 exeunt
649 669 693 707 ἡ,
715 680 846 708 quorum
866 670 961 707 radix,
983 680 1062 708 quae
1082 670 1112 699 in
1133 681 1194 699 vno
1215 676 1245 700 et
1265 671 1392 700 dimidio
1413 671 1606 707 terminatur,

201 730 296 749 vnam
311 721 445 758 complet
459 721 653 758 particulam.

242 770 272 799 Si
288 775 393 799 autem
416 781 431 799 e
454 770 607 799 contrario
630 770 766 799 diuidere
788 770 930 806 volueris,
947 770 979 799 id
1001 775 1046 799 est
1069 770 1202 799 radicem
1226 770 1343 799 numeri
1366 770 1555 808 quaternarii
1577 770 1607 799 in

201 819 336 849 radicem
353 820 471 849 numeri
488 820 656 855 nouenarii,
674 819 778 849 diuide
794 830 812 855 4
828 820 859 848 in
876 830 903 857 9,
922 825 951 849 et
969 825 1080 849 exeunt
1097 825 1231 858 quatuor
1247 830 1347 849 nonae
1363 820 1470 855 vnius;
1498 820 1608 849 harum

164 885 191 899 10
201 869 345 906 radicem,
362 869 394 898 id
411 874 457 899 est
473 869 550 899 duas
567 869 686 906 tercias,
704 869 816 907 accipe.
860 870 901 898 Et
917 869 975 898 hoc
991 874 1037 899 est
1054 869 1137 908 quod
1154 869 1206 898 vni
1222 870 1392 908 particulae
1408 870 1522 899 scilicet
1539 880 1609 899 con-

202 919 304 957 tingit.

711 969 803 998 Alius
817 969 981 998 diuisionis
996 969 1100 998 modus

241 1052 332 1089 Quod
349 1052 373 1081 si
390 1052 524 1081 radicem
542 1051 661 1081 numeri
678 1051 835 1081 noue-narii
853 1052 883 1080 in
901 1052 1035 1081 radicem
1052 1051 1171 1081 numeri
1188 1051 1378 1089 quaternarii
1399 1051 1537 1081 diuidere
1556 1062 1609 1081 vo—

201 1101 302 1138 lueris,
322 1102 366 1131 ita
386 1107 491 1131 tamen
510 1106 545 1131 vt
565 1101 740 1131 substantia
765 1101 796 1130 in
821 1101 1030 1130 substantiam
1055 1111 1117 1130 non
1141 1101 1310 1137 diuidatur,
1330 1101 1465 1130 radicem
1490 1101 1608 1130 numeri

164 1169 189 1189 15
202 1151 370 1187 nouenarii,
411 1152 533 1189 quoties
572 1151 714 1187 volueris,
755 1151 879 1189 duplica
921 1151 969 1180 vel
1012 1151 1128 1188 collige,
1169 1155 1199 1180 et
1241 1151 1318 1180 scias
1361 1151 1447 1180 cuius
1490 1151 1608 1180 numeri

201 1211 346 1230 numerus
363 1211 398 1230 ex
414 1201 592 1230 collectione
607 1200 790 1239 proueniens
811 1201 896 1230 radix
917 1200 1078 1230 habeatur.
1132 1201 1224 1230 Hunc
1247 1211 1317 1238 ergo
1341 1201 1467 1230 modum
1490 1201 1609 1230 numeri

200 1250 231 1279 in
251 1261 278 1286 4,
299 1255 354 1280 aut
373 1251 403 1280 in
423 1251 517 1280 alium
537 1261 709 1287 numerum,
729 1250 759 1279 in
780 1260 871 1288 quern
890 1251 1024 1280 radicem
1043 1251 1175 1288 primam
1195 1251 1331 1280 diuidere
1350 1250 1475 1280 voluisti
1495 1250 1607 1280 diuide.

201 1301 285 1330 Nam
300 1301 363 1330 eius
378 1301 465 1330 radix
480 1300 532 1329 vni
548 1300 678 1330 eueniet.
721 1301 813 1329 quta
829 1310 898 1337 ergo
913 1300 995 1329 hunc
1010 1300 1137 1329 modum
1152 1300 1177 1329 si
1192 1305 1253 1329 tres
1268 1300 1385 1329 radices
1400 1300 1448 1329 vel
1464 1305 1608 1338 quatuor,

201 1360 254 1380 seu
272 1350 441 1388 pauciores,
461 1361 514 1380 seu
533 1350 732 1380 medietatem
752 1350 871 1385 radicis,
892 1354 946 1379 aut
966 1349 1076 1386 minus,
1097 1354 1151 1379 aut
1171 1354 1325 1388 quotquot
1346 1350 1469 1386 fuerint,
1490 1350 1608 1379 numeri

163 1419 190 1434 20
201 1400 359 1429 nouenarii
376 1400 513 1430 diuidere
529 1400 671 1436 volueris,
688 1410 759 1429 cum
775 1399 918 1429 omnibus
934 1399 970 1429 iis
986 1399 1139 1437 agendum
1156 1399 1222 1429 erit.
1265 1400 1400 1437 Operare
1416 1410 1486 1437 ergo
1503 1410 1606 1429 secun*

201 1450 276 1479 dum
291 1450 417 1480 modum
433 1460 524 1488 quem
539 1450 764 1488 proposuimus,
781 1454 811 1479 et
826 1459 889 1479 rem
904 1449 948 1479 ita
963 1460 995 1479 se
1008 1449 1121 1479 habere
1135 1449 1281 1481 inuenies.
1297 1449 1321 1479 si
1336 1449 1411 1478 deus
1425 1449 1567 1479 voluerit.

228 1533 399 1571 Sequuntur
414 1543 493 1562 nunc
508 1533 620 1562 similes
637 1532 906 1570 multiplicationes,
923 1537 975 1570 per
990 1542 1034 1562 res
1049 1542 1101 1562 seu
1116 1532 1228 1562 radices
1244 1536 1268 1562 et
1284 1542 1420 1562 numeros
1435 1533 1582 1569 expositae

241 1617 300 1646 Sed
321 1616 345 1645 si
367 1616 500 1646 radicem
522 1616 641 1645 numeri
662 1615 819 1645 nouenarii
841 1625 911 1645 cum
932 1615 1033 1645 radice
1054 1615 1173 1645 numeri
1194 1615 1383 1654 quaternarii
1402 1615 1606 1653 multiplicare

200 1666 343 1702 volueris,
362 1666 601 1704 multiplicemus
618 1676 635 1702 ()
653 1676 722 1695 cum
740 1676 757 1701 4
775 1670 805 1694 et
822 1666 1031 1703 producentur
1048 1667 1095 1703 36.
1138 1666 1230 1695 Sume
1247 1675 1317 1703 ergo
1334 1665 1444 1694 horum
1461 1665 1605 1701 radicem,

164 1735 189 1755 ²5
201 1715 232 1745 id
244 1720 290 1745 est
304 1718 330 1745 6.
374 1716 414 1745 Et
430 1716 487 1745 hoc
498 1721 542 1745 est
554 1716 638 1754 quod
647 1715 828 1754 producitur
839 1725 873 1744 ex
884 1715 985 1744 radice
996 1715 1114 1744 numeri
1124 1715 1282 1744 nouenarii
1295 1725 1365 1744 cum
1375 1715 1477 1744 radice
1487 1715 1605 1744 numeri

200 1765 390 1803 quaternarii
409 1765 624 1803 multiplicata.
668 1765 786 1794 Eodem
805 1765 897 1794 modo
916 1765 941 1794 si
960 1765 1164 1803 multiplicare
1183 1764 1315 1794 volueris
1334 1765 1467 1794 radicem
1487 1764 1604 1793 numeri

200 1815 331 1853 quinarii
345 1825 414 1844 cum
427 1815 528 1845 radice
540 1815 658 1844 numeri
668 1814 793 1844 denarii.
837 1814 1015 1852 Multiplica
1027 1824 1097 1852 ergo
1111 1823 1125 1852 5
1139 1824 1209 1844 cum
1228 1825 1272 1850 10,
1285 1819 1315 1843 et
1331 1814 1541 1852 producentur
1558 1823 1603 1851 50,

200 1875 332 1903 quorum
344 1865 430 1894 rad'n(
444 1864 662 1901 substantiam,
677 1864 734 1893 hoc
748 1868 794 1893 est
808 1863 909 1902 ipsum
923 1864 1007 1902 quod
1021 1864 1156 1900 voluisti,
1171 1864 1332 1901 significat.

241 1977 260 1992 1,
277 1969 392 1991 mediabis
403 1973 442 1996 pro
453 1969 530 1991 medio
541 1969 576 1991 bis
587 1969 617 1990 D.
969 1970 1003 1990 16.
1021 1976 1047 1990 ex
1068 1968 1228 1995 duplicatione
1249 1972 1372 1990 concretus
1391 1967 1457 1990 radix
1478 1967 1601 1990 habeatur.

241 2014 260 2029 2.
277 2007 341 2029 modi
368 2014 411 2028 om.
440 2007 470 2028 D.
533 2006 730 2032 multiplicatione
757 2008 876 2032 quotquot
929 2005 972 2027 Per
983 2005 1052 2027 hunc.

200 2044 290 2066 radices
301 2051 341 2066 seu
356 2044 407 2070 (om.
421 2044 454 2069 D)
468 2044 558 2070 integre
570 2051 610 2065 seu
623 2043 738 2065 diminute
750 2043 845 2065 fuerint.
968 2049 1001 2068 17.
1019 2043 1094 2069 primo
1106 2043 1139 2068 V;
1162 2043 1265 2070 primum
1279 2043 1310 2065 D.

239 2090 260 2108 4.
280 2081 381 2103 Titulum
395 2089 437 2103 om.
451 2084 470 2103 et
483 2082 515 2103 sic
530 2081 599 2107 infra.
968 2080 1001 2101 18.
1019 2080 1082 2102 Nam
1095 2081 1119 2105 -f-
1131 2084 1162 2102 et.
1225 2087 1279 2106 ergo
1301 2087 1344 2102 om.
1366 2079 1398 2102 D.
1460 2083 1502 2102 aut
1525 2079 1602 2106 plures

240 2126 260 2145 5.
277 2119 367 2141 radices
385 2122 425 2145 pro
444 2118 561 2140 radicem¹
582 2118 612 2140 D.
675 2117 766 2140 numeri
785 2125 828 2139 om.
847 2117 875 2139 V.
928 2120 967 2143 pro
979 2117 1015 2139 vel
1027 2121 1136 2144 quatuor.

200 2156 291 2178 numeri
303 2156 446 2183 quaternarii
458 2156 489 2178 D.
534 2155 613 2177 diuide
625 2162 665 2182 per
675 2155 707 2177 vel
717 2154 797 2177 diuide
808 2161 876 2181 super
968 2161 1001 2180 19.
1019 2158 1060 2176 aut
1074 2158 1192 2181 quotquot
1207 2154 1300 2180 fuerint,
1316 2154 1406 2176 numeri
1421 2154 1542 2176 nouenan'i
1557 2161 1600 2175 om.

201 2197 240 2220 pro
252 2193 330 2215 diuide
342 2193 364 2215 in
377 2197 450 2220 saepe.
927 2191 960 2217 V;
982 2195 1023 2214 aut
1036 2192 1100 2218 quod
1113 2192 1221 2217 volueris,
1236 2192 1326 2213 numeri
1340 2191 1459 2213 nouenarii
1474 2191 1510 2215 D:
1532 2194 1600 2218 quot-

239 2232 260 2252 6.
278 2230 370 2252 Deinde
382 2234 421 2257 pro
434 2230 521 2252 Diuide
531 2231 562 2252 D.
626 2230 729 2257 fientque
743 2229 790 2251 duo
803 2232 827 2251 et
840 2231 875 2256 4³.
927 2232 985 2255 quot
998 2230 1022 2254 —†-
1034 2229 1134 2251 volueris
1147 2229 1165 2251 C
1178 2229 1215 2252 scd
1226 2229 1269 2251 del.

200 2275 301 2295 quarum
313 2268 344 2289 D.
406 2275 466 2294 quae
478 2269 503 2292 -1-
514 2267 600 2290 scilicet
613 2267 686 2289 radix.
967 2273 1000 2287 20.
1019 2274 1071 2288 cum
1080 2266 1190 2288 omnibus
1198 2267 1225 2288 iis
1236 2274 1279 2288 om.
1342 2269 1384 2288 est.
1447 2265 1561 2292 Operaeio
1569 2265 1600 2287 D.

239 2306 260 2327 8.
277 2312 410 2327 econuerso.
473 2312 541 2332 super
552 2308 591 2331 pro
603 2305 633 2326 in.
927 2303 1055 2325 secundum
1067 2303 1130 2330 quod
1142 2304 1243 2326 diximus
1254 2307 1275 2325 et
1288 2303 1392 2326 inuenies
1400 2303 1418 2325 si
1427 2303 1485 2325 deus
1492 2303 1600 2325 voluerit.

239 2350 260 2368 9.
277 2342 368 2364 numeri
393 2350 435 2364 om.
461 2342 491 2364 D.
555 2342 665 2368 fientque.
728 2348 819 2363 nouene
843 2341 875 2364 D.
967 2348 1001 2367 23.
1019 2341 1063 2363 Sed
1076 2342 1100 2365 -4-
1112 2344 1142 2363 et.
1206 2341 1307 2363 radicem
1334 2348 1377 2363 om.
1404 2340 1436 2363 D.
1494 2340 1584 2362 numeri
1593 2341 1602 2354 ²

200 2383 258 2402 tunc
267 2387 347 2401 earum
357 2379 458 2402 radicem
468 2387 560 2401 assume
569 2379 592 2401 id
602 2383 636 2401 est
647 2379 706 2401 duas
717 2379 787 2401 unius
797 2378 876 2405 accipe
926 2385 969 2400 om.

201 2419 239 2443 3⁸3
250 2420 289 2443 pro
302 2417 370 2438 vnius
383 2435 387 2438 .
406 2434 411 2438 .
430 2435 434 2438 .
447 2417 532 2443 accipe.
967 2423 1001 2442 ²4-
1019 2415 1160 2442 Multiplica.
1224 2415 1328 2442 fientque
1339 2415 1376 2442 36.

242 2461 275 2475 10.
293 2454 422 2480 particulae
434 2454 521 2476 scilicet
533 2461 576 2476 om.
967 2460 1001 2479 25.
1019 2453 1081 2479 quod
1094 2453 1204 2475 excreuit.

242 2498 275 2517 13.
294 2498 369 2518 super.
966 2492 1001 2512 26.
1018 2490 1148 2516 multiplica
1161 2490 1192 2512 D.
1254 2489 1344 2512 numeri
1357 2496 1400 2512 om.
1413 2488 1445 2512 D.

242 2536 276 2555 14.
294 2532 373 2550 tamen
384 2528 448 2555 quod
458 2528 617 2550 substantiam
628 2535 704 2555 super.
967 2534 1001 2554 27.
1018 2527 1108 2549 numeri
1121 2535 1164 2549 om.
1227 2527 1310 2549 senarii
1324 2527 1355 2549 D.
1417 2533 1472 2553 ergo
1484 2533 1527 2548 om.

242 2572 276 2593 15.
293 2566 409 2592 quotiens.
473 2565 567 2592 duplica
581 2566 613 2592 V;
637 2565 768 2592 multiplica
781 2564 876 2592 duplica
967 2566 1001 2587 28.
1018 2572 1118 2591 quorum
1137 2564 1244 2586 videlicet
1263 2564 1328 2586 radix
1347 2563 1506 2586 substantiam
1524 2570 1596 2590 quam

201 2602 233 2624 D.
296 2602 332 2625 vel
344 2602 424 2629 collige
434 2610 477 2625 om.
540 2602 605 2625 scito.
927 2601 1021 2624 voluisti
1033 2601 1117 2628 signat.
