1780 2995
216 257 275 287 108
553 256 674 283 LIBER
700 255 912 283 ALGEBRAE
940 254 991 281 ET
1018 254 1287 281 ALMUCABOLA

189 364 199 379 x
251 348 411 387 Expositio
422 347 493 377 talis
504 352 560 383 est,
573 352 608 376 vt
622 357 657 376 10
667 346 731 376 sine
743 356 774 375 re
785 356 855 375 cum
866 346 965 384 seipso
977 345 1172 383 multiplices,
1184 345 1320 383 fientque
1335 354 1389 373 100
1400 349 1431 374 et
1442 343 1618 374 substantia

210 400 327 437 absque
341 408 376 427 20
386 398 486 427 rebus.
530 397 642 426 Postea
654 396 825 434 multiplica
836 405 899 425 rem
911 405 981 424 cum
992 405 1047 424 suo
1058 394 1178 433 aequali
1190 399 1221 423 et
1232 394 1420 432 producetur
1431 393 1616 423 substantia.

210 449 332 479 Deinde
353 448 428 477 haec
442 447 504 476 duo
529 445 796 484 multiplicationis
808 445 961 483 producta
979 445 1010 474 in
1024 455 1121 474 vnum
1143 444 1258 482 collige,
1281 448 1311 473 et
1325 443 1455 473 veniunt
1472 453 1526 472 100
1547 447 1579 472 et
1602 452 1616 472 2

210 498 404 529 substantiae
418 497 535 535 absque
552 506 587 525 20
601 496 701 532 rebus,
719 497 754 533 58
768 499 984 533 coaequantes.
1028 494 1157 532 Comple
1171 494 1264 531 igitur
1281 504 1336 522 100
1350 498 1381 522 et
1397 503 1410 522 2
1427 492 1618 522 substantias

186 561 198 582 5
210 549 327 586 absque
343 558 378 576 20
391 547 492 583 rebus,
507 551 537 576 et
552 546 633 584 ipsas
649 556 684 574 20
697 556 744 574 res
759 547 794 582 58
809 555 843 574 ex
858 545 992 574 numeris
1005 544 1140 580 adiicias,
1155 548 1186 573 et
1200 544 1325 573 venient
1342 554 1396 572 100
1409 542 1574 572 drachmae
1587 546 1618 571 et

212 609 226 627 2
244 597 449 634 substantiae,
469 598 504 634 58
522 596 685 625 drachmas
702 599 733 624 et
753 605 788 624 20
804 605 850 624 res
867 594 1081 632 coaequantia.
1124 594 1193 623 Hoc
1209 593 1271 623 iarn
1287 593 1328 623 ad
1344 603 1439 622 vnam
1456 597 1619 622 conuertas

210 647 428 683 substantiam,
442 651 538 685 atque
554 645 749 684 oppositione
761 644 872 674 deinde
886 654 921 682 29
939 654 974 673 ex
993 652 1028 682 50
1045 643 1196 682 proiicias,
1210 648 1241 672 et
1258 643 1429 672 manebunt
1449 652 1481 671 21
1501 646 1530 672 et
1549 642 1619 672 sub-

210 697 337 734 stantia,
357 707 391 726 10
406 707 453 726 res
469 695 682 734 coaequantia.
726 695 787 724 Res
802 694 895 732 igitur
911 693 1070 730 mediabis,
1086 698 1117 723 et
1132 693 1263 722 veniunt
1279 701 1294 730 5
1306 703 1312 729 ;
1339 692 1414 722 haec
1430 702 1498 722 sum
1513 691 1620 730 seipsis

210 747 428 785 multiplicata,
442 746 620 785 producunt
636 753 680 783 25.
724 745 769 773 Ex
783 744 829 773 his
846 754 877 773 21
894 743 1029 780 abiicias,
1045 748 1075 772 et
1089 743 1300 781 relinquentur
1313 753 1341 778 4.
1384 741 1496 780 Accipe
1509 741 1620 770 horum

173 811 200 826 ιο
210 797 344 827 radicem
366 807 391 833 2,
411 801 506 834 atque
524 796 604 825 hanc
623 806 641 824 a
662 803 687 832 5,
707 794 739 824 id
758 799 803 824 est
822 794 840 823 a
859 794 1026 823 medietate
1044 793 1164 829 radicis,
1184 792 1342 829 subtrahe,
1362 796 1393 821 et
1412 791 1583 821 manebunt
1602 801 1618 829 3

210 857 290 885 quae
308 846 452 876 videlicet
470 856 565 875 vnam
583 850 705 883 partem
724 844 843 874 numeri
861 844 967 873 decem
985 843 1166 881 adimplent.
1210 842 1309 880 Igitur
1327 842 1402 871 haec
1421 840 1562 879 quaestio
1580 840 1620 870 ad

211 897 356 935 quintum
377 906 428 926 sex
444 896 582 934 capitum
599 900 630 925 te
649 894 803 933 perduxit,
820 894 851 923 in
873 904 934 932 quo
955 893 1097 929 diximus,
1114 892 1290 922 substantia
1311 896 1342 921 et
1363 891 1482 921 numeri
1503 890 1620 920 radices

211 951 397 985 coaequant.

664 986 765 1024 Caput
788 989 911 1021 sextum,
934 985 1065 1023 quaestio
1087 988 1168 1014 sexta

174 1081 200 1101 15
252 1071 308 1100 Rei
322 1071 447 1100 tertiam
461 1075 492 1100 et
506 1070 570 1099 eius
583 1073 728 1107 quartam
741 1068 783 1098 sic
797 1068 978 1106 multiplico,
992 1072 1028 1097 vt
1042 1066 1308 1105 multiplicationis
1320 1066 1508 1104 productum
1521 1064 1619 1103 ipsam

211 1132 286 1158 rem,
300 1120 411 1159 viginti
425 1124 559 1158 quatuor
573 1118 727 1149 drachmis
741 1118 958 1156 superadditis,
973 1121 1153 1155 coaequent.

252 1170 412 1209 Expositio
429 1175 485 1206 est,
501 1174 537 1199 vt
552 1169 687 1208 primum
702 1168 789 1204 scias,
807 1167 890 1206 quod
906 1167 1030 1205 quando
1047 1166 1172 1196 tertiam
1187 1166 1230 1195 rei
1246 1176 1316 1195 cum
1332 1169 1444 1204 quarta
1459 1164 1501 1194 rei
1517 1163 1619 1193 multi-

212 1220 383 1260 plicaueris,
408 1219 557 1249 medietas
580 1223 684 1248 sextae
707 1217 797 1247 vnius
820 1217 1023 1253 substantiae,
1047 1226 1111 1245 rem
1135 1221 1166 1245 et
1192 1226 1227 1252 24
1250 1215 1413 1245 drachmas
1437 1223 1619 1252 coaequans,

212 1271 339 1300 oriatur,
382 1268 607 1307 Multiplicatio
626 1268 719 1306 igitur
739 1267 914 1296 medietatis
933 1271 1037 1296 sextae
1056 1265 1249 1295 substantiae
1269 1275 1338 1295 cum
1358 1264 1530 1300 duodecim,
1550 1264 1621 1293 sub-

175 1337 203 1352 20
213 1320 362 1350 stantiam
378 1319 487 1349 reddet
507 1318 702 1356 completam.
747 1317 891 1347 Similiter
910 1316 1127 1354 multiplicatio
1146 1315 1189 1345 rei
1208 1320 1239 1345 et
1260 1325 1296 1351 24
1315 1315 1532 1344 drachmarum
1551 1323 1621 1343 cum

217 1381 261 1407 12,
289 1370 406 1399 radices
436 1379 469 1398 12
498 1368 632 1398 ducenta
659 1372 689 1397 et
717 1369 763 1404 88,
792 1366 1000 1396 substantiam
1027 1370 1243 1404 coaequantes,
1271 1364 1464 1403 adimplebit.
1507 1363 1622 1393 Diuide

214 1420 306 1457 igitur
321 1419 437 1448 radices
452 1428 506 1456 per
520 1417 667 1453 medium,
683 1421 713 1446 et
729 1416 862 1446 mediam
877 1420 998 1454 partem
1014 1425 1083 1445 cum
1098 1415 1197 1453 seipsa
1212 1414 1393 1453 multiplica,
1409 1419 1504 1452 atque
1518 1413 1622 1442 multi-

214 1469 389 1508 plicationis
407 1468 595 1507 productum
613 1477 739 1496 numero
760 1468 814 1496 288
833 1466 933 1504 iunge,
951 1470 982 1495 et
1000 1465 1125 1495 venient
1143 1475 1209 1503 324.
1252 1465 1372 1494 Horum
1390 1474 1471 1494 nunc
1488 1463 1622 1493 radicem

214 1519 328 1557 accipe,
346 1518 377 1547 id
394 1523 440 1547 est
460 1520 504 1554 18,
522 1517 634 1556 quibus
650 1517 850 1546 medietatem
866 1516 1005 1545 radicum
1022 1515 1116 1544 etiam
1133 1515 1222 1551 adde,
1239 1519 1270 1544 et
1286 1514 1372 1544 radix
1388 1514 1419 1543 in
1437 1524 1473 1550 24
1489 1513 1621 1542 finietur.

176 1584 203 1604 25
215 1570 301 1598 Haec
322 1569 415 1606 igitur
436 1567 577 1606 quaestio
599 1567 638 1596 ad
660 1571 780 1596 sextum
802 1576 853 1595 sex
875 1566 1013 1603 capitum
1034 1565 1096 1594 iam
1118 1569 1149 1594 te
1169 1564 1322 1603 perduxit,
1344 1564 1376 1593 in
1397 1574 1458 1602 quo
1480 1563 1622 1600 diximus,

215 1619 332 1648 radices
348 1623 379 1647 et
395 1617 513 1647 numeri
529 1617 740 1646 substantiam
757 1620 939 1654 coaequant.

255 1718 303 1747 Ad
321 1718 381 1747 huc
399 1721 506 1753 restat,
525 1721 561 1746 vt
579 1716 617 1746 de
635 1716 767 1745 sedecim
786 1716 852 1745 aliis
871 1719 1039 1744 tractemus
1057 1714 1300 1753 quaestionibus,
1319 1723 1398 1752 quae
1416 1723 1452 1743 ex
1469 1723 1520 1742 sex
1537 1722 1623 1750 prae-

216 1768 315 1797 missis
327 1767 398 1796 oriri
417 1766 572 1802 videntur,
592 1770 627 1795 vt
640 1765 788 1804 quicquid
807 1776 842 1794 ex
855 1774 981 1794 numero
1000 1764 1071 1793 huic
1089 1764 1149 1793 arti
1167 1763 1292 1793 addicto
1310 1763 1412 1801 opifici
1430 1763 1623 1801 propositum

215 1817 319 1854 fuerit,
335 1817 419 1846 omni
434 1826 534 1846 errore
549 1816 670 1845 abiecto
685 1814 805 1845 facilius
821 1815 887 1844 elici
902 1819 1006 1853 queat.

257 1907 275 1921 1.
293 1899 316 1920 in
328 1897 468 1924 semetipsis.
986 1896 1019 1916 16.
1037 1894 1207 1916 substantiam.
1271 1896 1397 1920 coequant.

257 1943 276 1958 2.
293 1935 418 1957 radicibus
986 1933 1019 1954 18.
1037 1935 1059 1953 et
1071 1939 1113 1953 om.
1128 1931 1159 1953 D.

255 1980 321 1999 3—10.
339 1973 381 1994 has
407 1970 610 1999 multiplicationis
635 1978 739 1993 summas
769 1970 793 1992 in
819 1977 892 1992 unum
986 1976 1019 1995 19.
1036 1969 1132 1991 orietur.

217 2010 297 2036 collige
313 2013 335 2032 et
353 2009 452 2031 habebis
470 2016 511 2031 100
527 2012 549 2031 et
566 2008 625 2030 duas
641 2008 788 2030 substantias
804 2007 893 2034 absque
985 2013 1019 2028 20.
1038 2005 1148 2028 Similiter
1160 2006 1185 2031 -Ι-
1196 2009 1227 2027 et.
1296 2012 1324 2032 34
1335 2005 1363 2027 V.
1426 2004 1450 2026 in
1463 2005 1499 2031 (4-
1510 2004 1533 2026 in
1543 2004 1576 2030 D)
1589 2011 1624 2026 12.

219 2055 246 2070 20
283 2047 400 2069 radicibus
438 2048 466 2073 58
496 2049 645 2073 coequantes.
695 2045 793 2072 Comple
823 2045 893 2071 igitur
985 2051 1020 2066 21.
1036 2043 1150 2065 ducentos
1161 2046 1184 2065 et
1196 2044 1225 2065 88
1236 2046 1259 2065 et
1271 2042 1361 2064 radices
1372 2042 1402 2064 xii
1414 2042 1444 2064 D.
1508 2048 1625 2068 coequans

220 2092 262 2107 100
277 2088 300 2106 et
317 2084 376 2106 duas
393 2083 538 2106 substantias
554 2083 643 2110 absque
661 2090 688 2104 20
704 2082 823 2104 radicibus
840 2089 892 2104 cum
945 2081 978 2107 V;
999 2088 1042 2102 om.
1055 2081 1085 2102 D.

218 2129 241 2144 re
258 2129 330 2148 quarn
347 2121 455 2146 diximus,
473 2124 495 2142 et
513 2120 573 2142 adde
589 2127 641 2142 eam
658 2127 726 2146 super
744 2120 779 2146 58.
797 2123 819 2141 et
837 2119 892 2141 fient

221 2166 262 2181 100
270 2162 293 2181 et
302 2159 346 2180 due
355 2158 494 2183 substantie,
505 2158 532 2184 58
540 2161 563 2179 et
574 2165 601 2179 20
611 2157 649 2183 (10
658 2157 690 2182 D)
701 2164 736 2178 res
743 2156 892 2183 coequancia.

986 2125 1020 2141 22.
1037 2125 1063 2140 ac
1074 2121 1114 2144 pro
1126 2121 1206 2145 atque.

987 2162 1020 2181 23.
1037 2162 1153 2177 summam
1165 2162 1234 2181 super
1247 2154 1289 2176 288
1302 2153 1390 2176 adicias
1405 2153 1518 2181 (addicias
1530 2153 1552 2175 D
1564 2156 1583 2175 et
1593 2153 1626 2175 sic

220 2197 266 2218 Res
292 2203 345 2222 ergo
372 2195 487 2217 mediabis
506 2198 529 2216 et
556 2198 624 2216 erunt
646 2201 666 2220 5.
699 2194 748 2216 Hec
774 2194 846 2220 igitur
870 2193 893 2215 in

219 2233 299 2260 seipsis
318 2232 459 2259 (semetipsis
475 2232 507 2257 D)
524 2231 655 2258 multiplica
671 2234 693 2253 et
711 2234 779 2253 erunt
793 2237 826 2257 25.
859 2231 893 2252 Ex

219 2270 255 2292 his
277 2277 332 2296 ergo
357 2277 381 2291 21
409 2269 460 2296 (om.
483 2269 516 2294 D)
541 2268 627 2291 abicias
649 2272 672 2290 et
695 2268 849 2290 remanebunt
872 2275 893 2294 4.

220 2308 290 2330 Sume
307 2314 361 2334 ergo
378 2307 462 2328 horum
479 2306 582 2328 radicem
601 2306 694 2331 (harum
712 2305 801 2327 radices
819 2305 851 2330 D)
871 2304 894 2326 id

222 2344 274 2371 (om.
288 2344 321 2370 D)
337 2347 371 2366 est
387 2343 439 2369 (om.
454 2344 486 2369 D)
502 2343 549 2365 duo
562 2343 603 2370 qui
617 2343 647 2365 ab
662 2350 673 2369 5
688 2343 752 2370 prius
766 2342 855 2370 positis.
871 2341 894 2364 id

220 2385 255 2403 est
267 2389 281 2403 a
293 2381 420 2403 medietate
432 2380 544 2405 radicum,
558 2380 693 2402 subtrahas.

262 2426 295 2440 ιι.
313 2418 420 2440 videlicet
433 2425 476 2440 om.

262 2463 295 2477 12.
313 2463 386 2477 unum
410 2456 430 2477 6.

222 2493 252 2515 R¹
262 2496 301 2519 pro
311 2492 406 2514 radices

263 2537 297 2556 15.
315 2529 452 2551 Substantie
466 2533 506 2555 pro
520 2529 570 2550 Rei.

223 2578 251 2598 vt
264 2578 283 2597 et
296 2575 329 2597 sic
343 2574 405 2601 infra
421 2574 462 2600 (3).

494 2458 518 2477 te
529 2455 554 2480 -l-
565 2454 620 2476 iam.
683 2453 773 2476 numeri
797 2460 840 2476 om.
864 2453 896 2476 D.

634 2528 657 2550 in
672 2532 711 2555 pro
726 2532 756 2550 et.
820 2532 842 2550 et
858 2531 897 2554 pra

526 2574 557 2596 ln
572 2581 642 2601 marg.
660 2558 702 2616 {ss>
717 2567 812 2609 ψη
868 2572 899 2595 n.

945 2192 1047 2219 saepius)
1066 2195 1088 2214 et
1106 2192 1148 2214 erit
1165 2192 1209 2214 hoc
1225 2195 1303 2213 totum
1314 2199 1372 2218 524;
1394 2191 1437 2213 erit
1454 2191 1497 2213 hoc
1513 2194 1593 2213 totum
1606 2190 1625 2213 C

946 2229 984 2252 scd
993 2230 1035 2253 del,
1095 2229 1165 2256 igitur
1177 2233 1216 2256 pro
1229 2236 1300 2252 nunc.

987 2274 1020 2293 24.
1037 2266 1145 2293 accipias.
1224 2266 1310 2293 quibus
1336 2265 1444 2288 videlicet
1473 2265 1626 2287 medietatem

947 2304 1052 2326 radicum
1065 2304 1159 2330 adicias,
1172 2304 1195 2326 id
1207 2307 1241 2326 est
1253 2306 1274 2331 ὁ,
1287 2308 1309 2326 et
1322 2303 1354 2326 sic
1366 2303 1499 2326 substantia
1510 2303 1626 2330 (substan-

948 2341 1005 2364 tiam
1017 2341 1049 2367 D)
1063 2341 1086 2363 in
1099 2349 1125 2368 ²4
1139 2341 1208 2367 (cxiiii
1221 2341 1253 2367 D)
1267 2341 1414 2364 terminetur.

988 2386 998 2400 2
1003 2385 1022 2405 5.
1038 2385 1111 2400 unum
1123 2385 1169 2401 sex.

989 2421 1022 2441 27.
1038 2415 1089 2437 Hee
1105 2423 1159 2441 ergo
1175 2418 1229 2437 sunt
1249 2415 1317 2442 (4-vi
1330 2414 1363 2440 D)
1381 2414 1516 2442 questiones
1532 2414 1561 2436 de
1576 2413 1626 2440 qui-

948 2452 992 2475 bus
1008 2452 1113 2479 superius
1128 2459 1166 2475 me
1181 2455 1340 2474 tractaturum
1356 2452 1458 2479 promisi.
1489 2451 1534 2474 Sed
1550 2451 1629 2473 adhuc

950 2493 990 2517 pro
1002 2489 1038 2511 Ad
1050 2489 1101 2512 huc.
1161 2489 1242 2516 primis
1252 2493 1293 2516 pro
1305 2489 1445 2516 praemissis.

991 2527 1025 2549 28.
1041 2526 1156 2554 quidquid
1167 2527 1202 2553 V;
1219 2526 1276 2554 quid
1288 2527 1319 2550 D.
1380 2526 1449 2548 huius
1459 2525 1517 2548 artis
1527 2525 1629 2549 intento.

992 2571 1026 2590 ²9-
1043 2563 1134 2586 abiecte
1145 2564 1176 2587 D.
1236 2563 1342 2586 eliciatur
1353 2567 1393 2591 pro
1405 2563 1455 2586 elici
1466 2566 1546 2590 queat.
