<?xml version="1.0" encoding="UTF-8"?>
<!DOCTYPE html PUBLIC "-//W3C//DTD XHTML 1.0 Transitional//EN"
    "http://www.w3.org/TR/xhtml1/DTD/xhtml1-transitional.dtd">
<html xmlns="http://www.w3.org/1999/xhtml" xml:lang="en" lang="en">
 <head>
  <title>
</title>
<meta http-equiv="Content-Type" content="text/html;charset=utf-8" />
  <meta name='ocr-system' content='tesseract 3.04.00' />
  <meta name='ocr-capabilities' content='ocr_page ocr_carea ocr_par ocr_line ocrx_word'/>
</head>
<body>
  <div class='ocr_page' id='page_1' title='image "./robertofchesters00khuw_0098.png"; bbox 0 0 1780 2995; ppageno 0'>
   <div class='ocr_carea' id='block_1_1' title="bbox 168 287 1231 318">
    <p class='ocr_par' dir='ltr' id='par_1_1' title="bbox 168 287 1231 318">
     <span class='ocr_line' id='line_1_1' title="bbox 168 287 1231 318; baseline -0.004 0"><span class='ocrx_word' id='word_1_1' title='bbox 168 288 208 318; x_wconf 84' lang='lat'>68</span> <span class='ocrx_word' id='word_1_2' title='bbox 502 289 622 316; x_wconf 89' lang='lat' dir='ltr'><strong>LIBER</strong></span> <span class='ocrx_word' id='word_1_3' title='bbox 649 288 858 316; x_wconf 89' lang='lat' dir='ltr'>ALGEBRAE</span> <span class='ocrx_word' id='word_1_4' title='bbox 885 288 936 314; x_wconf 90' lang='lat' dir='ltr'>ET</span> <span class='ocrx_word' id='word_1_5' title='bbox 962 287 1231 315; x_wconf 88' lang='lat' dir='ltr'><strong>ALMUCABOLA</strong></span> 
     </span>
    </p>
   </div>
   <div class='ocr_carea' id='block_1_2' title="bbox 145 377 1573 716">
    <p class='ocr_par' dir='ltr' id='par_1_2' title="bbox 146 377 1571 568">
     <span class='ocr_line' id='line_1_2' title="bbox 146 377 1570 417; baseline -0.003 -7"><span class='ocrx_word' id='word_1_6' title='bbox 146 396 157 411; x_wconf 89' lang='lat'>1</span> <span class='ocrx_word' id='word_1_7' title='bbox 168 380 342 417; x_wconf 82' lang='lat' dir='ltr'>inuentum,</span> <span class='ocrx_word' id='word_1_8' title='bbox 356 379 471 410; x_wconf 90' lang='lat' dir='ltr'>scilicet</span> <span class='ocrx_word' id='word_1_9' title='bbox 482 379 647 415; x_wconf 83' lang='lat' dir='ltr'>radicibus,</span> <span class='ocrx_word' id='word_1_10' title='bbox 659 378 842 408; x_wconf 79' lang='lat' dir='ltr'>substantiis</span> <span class='ocrx_word' id='word_1_11' title='bbox 857 383 889 408; x_wconf 92' lang='lat' dir='ltr'>et</span> <span class='ocrx_word' id='word_1_12' title='bbox 906 378 1049 408; x_wconf 89' lang='lat' dir='ltr'>numeris.</span> <span class='ocrx_word' id='word_1_13' title='bbox 1093 377 1181 407; x_wconf 90' lang='lat' dir='ltr'>Solus</span> <span class='ocrx_word' id='word_1_14' title='bbox 1194 387 1340 407; x_wconf 88' lang='lat' dir='ltr'>numerus</span> <span class='ocrx_word' id='word_1_15' title='bbox 1352 382 1458 406; x_wconf 91' lang='lat' dir='ltr'>tamen</span> <span class='ocrx_word' id='word_1_16' title='bbox 1470 386 1570 415; x_wconf 86' lang='lat' dir='ltr'>neque</span> 
     </span>
     <span class='ocr_line' id='line_1_3' title="bbox 167 426 1571 468; baseline -0.003 -8"><span class='ocrx_word' id='word_1_17' title='bbox 167 430 324 460; x_wconf 84' lang='lat' dir='ltr'>radicibus</span> <span class='ocrx_word' id='word_1_18' title='bbox 353 440 453 468; x_wconf 89' lang='lat' dir='ltr'>neque</span> <span class='ocrx_word' id='word_1_19' title='bbox 483 429 667 459; x_wconf 82' lang='lat' dir='ltr'>substantiis</span> <span class='ocrx_word' id='word_1_20' title='bbox 697 428 759 458; x_wconf 88' lang='lat' dir='ltr'>vlla</span> <span class='ocrx_word' id='word_1_21' title='bbox 789 428 989 466; x_wconf 83' lang='lat' dir='ltr'>proportione</span> <span class='ocrx_word' id='word_1_22' title='bbox 1017 428 1200 457; x_wconf 90' lang='lat' dir='ltr'>coniunctus</span> <span class='ocrx_word' id='word_1_23' title='bbox 1230 432 1286 456; x_wconf 90' lang='lat' dir='ltr'>est.</span> <span class='ocrx_word' id='word_1_24' title='bbox 1330 427 1447 456; x_wconf 87' lang='lat' dir='ltr'>Earum</span> <span class='ocrx_word' id='word_1_25' title='bbox 1476 426 1571 465; x_wconf 87' lang='lat' dir='ltr'>igitur</span> 
     </span>
     <span class='ocr_line' id='line_1_4' title="bbox 168 477 1571 516; baseline -0.003 -6"><span class='ocrx_word' id='word_1_26' title='bbox 168 480 255 510; x_wconf 84' lang='lat' dir='ltr'>radix</span> <span class='ocrx_word' id='word_1_27' title='bbox 277 485 324 509; x_wconf 90' lang='lat' dir='ltr'>est</span> <span class='ocrx_word' id='word_1_28' title='bbox 347 479 447 509; x_wconf 90' lang='lat' dir='ltr'>omnis</span> <span class='ocrx_word' id='word_1_29' title='bbox 463 490 509 508; x_wconf 91' lang='lat' dir='ltr'>res</span> <span class='ocrx_word' id='word_1_30' title='bbox 532 489 568 508; x_wconf 83' lang='lat' dir='ltr'>ex</span> <span class='ocrx_word' id='word_1_31' title='bbox 583 478 759 508; x_wconf 88' lang='lat' dir='ltr'>vnitatibus</span> <span class='ocrx_word' id='word_1_32' title='bbox 781 488 853 507; x_wconf 90' lang='lat' dir='ltr'>cum</span> <span class='ocrx_word' id='word_1_33' title='bbox 868 488 899 507; x_wconf 91' lang='lat' dir='ltr'>se</span> <span class='ocrx_word' id='word_1_34' title='bbox 915 478 982 516; x_wconf 90' lang='lat' dir='ltr'>ipsa</span> <span class='ocrx_word' id='word_1_35' title='bbox 1005 478 1213 516; x_wconf 87' lang='lat' dir='ltr'>multiplicata</span> <span class='ocrx_word' id='word_1_36' title='bbox 1231 482 1286 507; x_wconf 88' lang='lat' dir='ltr'>aut</span> <span class='ocrx_word' id='word_1_37' title='bbox 1302 477 1402 506; x_wconf 89' lang='lat' dir='ltr'>omnis</span> <span class='ocrx_word' id='word_1_38' title='bbox 1425 486 1571 506; x_wconf 87' lang='lat' dir='ltr'>numerus</span> 
     </span>
     <span class='ocr_line' id='line_1_5' title="bbox 167 526 1571 568; baseline -0.003 -8"><span class='ocrx_word' id='word_1_39' title='bbox 167 540 262 568; x_wconf 89' lang='lat' dir='ltr'>supra</span> <span class='ocrx_word' id='word_1_40' title='bbox 278 531 430 560; x_wconf 86' lang='lat' dir='ltr'>vnitatem</span> <span class='ocrx_word' id='word_1_41' title='bbox 449 539 520 559; x_wconf 90' lang='lat' dir='ltr'>cum</span> <span class='ocrx_word' id='word_1_42' title='bbox 538 539 569 559; x_wconf 91' lang='lat' dir='ltr'>se</span> <span class='ocrx_word' id='word_1_43' title='bbox 587 529 654 567; x_wconf 92' lang='lat' dir='ltr'>ipso</span> <span class='ocrx_word' id='word_1_44' title='bbox 670 528 913 566; x_wconf 88' lang='lat' dir='ltr'>multiplicatus:</span> <span class='ocrx_word' id='word_1_45' title='bbox 937 533 993 557; x_wconf 93' lang='lat' dir='ltr'>aut</span> <span class='ocrx_word' id='word_1_46' title='bbox 1009 528 1094 566; x_wconf 90' lang='lat' dir='ltr'>quod</span> <span class='ocrx_word' id='word_1_47' title='bbox 1109 528 1188 557; x_wconf 82' lang='lat' dir='ltr'>infra</span> <span class='ocrx_word' id='word_1_48' title='bbox 1203 528 1359 557; x_wconf 88' lang='lat' dir='ltr'>vnitatem</span> <span class='ocrx_word' id='word_1_49' title='bbox 1381 526 1571 556; x_wconf 85' lang='lat' dir='ltr'>diminutum</span> 
     </span>
    </p>

    <p class='ocr_par' dir='ltr' id='par_1_3' title="bbox 145 577 1573 716">
     <span class='ocr_line' id='line_1_6' title="bbox 145 577 1572 618; baseline -0.003 -8"><span class='ocrx_word' id='word_1_50' title='bbox 145 590 239 614; x_wconf 83' lang='lat' dir='ltr'>scum</span> <span class='ocrx_word' id='word_1_51' title='bbox 259 590 290 610; x_wconf 91' lang='lat' dir='ltr'>se</span> <span class='ocrx_word' id='word_1_52' title='bbox 311 579 379 618; x_wconf 90' lang='lat' dir='ltr'>ipso</span> <span class='ocrx_word' id='word_1_53' title='bbox 401 579 645 617; x_wconf 91' lang='lat' dir='ltr'>multiplicatum</span> <span class='ocrx_word' id='word_1_54' title='bbox 667 578 827 616; x_wconf 89' lang='lat' dir='ltr'>reperitur.</span> <span class='ocrx_word' id='word_1_55' title='bbox 871 577 1053 607; x_wconf 84' lang='lat' dir='ltr'>Substantia</span> <span class='ocrx_word' id='word_1_56' title='bbox 1069 578 1142 607; x_wconf 77' lang='lat' dir='ltr'>vero</span> <span class='ocrx_word' id='word_1_57' title='bbox 1164 582 1211 607; x_wconf 92' lang='lat' dir='ltr'>est</span> <span class='ocrx_word' id='word_1_58' title='bbox 1230 588 1320 607; x_wconf 91' lang='lat' dir='ltr'>omne</span> <span class='ocrx_word' id='word_1_59' title='bbox 1338 577 1416 606; x_wconf 85' lang='lat' dir='ltr'>illud</span> <span class='ocrx_word' id='word_1_60' title='bbox 1434 577 1518 615; x_wconf 88' lang='lat' dir='ltr'>quod</span> <span class='ocrx_word' id='word_1_61' title='bbox 1536 586 1572 606; x_wconf 80' lang='lat' dir='ltr'>ex</span> 
     </span>
     <span class='ocr_line' id='line_1_7' title="bbox 168 626 1573 668; baseline -0.004 -8"><span class='ocrx_word' id='word_1_62' title='bbox 168 629 427 668; x_wconf 85' lang='lat' dir='ltr'>multiplicatione</span> <span class='ocrx_word' id='word_1_63' title='bbox 442 628 554 659; x_wconf 82' lang='lat' dir='ltr'>radicis</span> <span class='ocrx_word' id='word_1_64' title='bbox 569 638 641 658; x_wconf 92' lang='lat' dir='ltr'>cum</span> <span class='ocrx_word' id='word_1_65' title='bbox 656 638 687 657; x_wconf 91' lang='lat' dir='ltr'>se</span> <span class='ocrx_word' id='word_1_66' title='bbox 706 628 773 666; x_wconf 90' lang='lat' dir='ltr'>ipsa</span> <span class='ocrx_word' id='word_1_67' title='bbox 789 627 950 665; x_wconf 84' lang='lat' dir='ltr'>colligitur.</span> <span class='ocrx_word' id='word_1_68' title='bbox 994 628 1040 656; x_wconf 81' lang='lat' dir='ltr'>Ex</span> <span class='ocrx_word' id='word_1_69' title='bbox 1056 627 1103 657; x_wconf 90' lang='lat' dir='ltr'>his</span> <span class='ocrx_word' id='word_1_70' title='bbox 1117 627 1211 665; x_wconf 84' lang='lat' dir='ltr'>igitur</span> <span class='ocrx_word' id='word_1_71' title='bbox 1227 628 1324 658; x_wconf 88' lang='lat' dir='ltr'>tribus</span> <span class='ocrx_word' id='word_1_72' title='bbox 1339 626 1439 657; x_wconf 91' lang='lat' dir='ltr'>modis</span> <span class='ocrx_word' id='word_1_73' title='bbox 1454 636 1573 664; x_wconf 85' lang='lat' dir='ltr'>semper</span> 
     </span>
     <span class='ocr_line' id='line_1_8' title="bbox 168 677 997 716; baseline -0.005 -6"><span class='ocrx_word' id='word_1_74' title='bbox 168 680 231 710; x_wconf 90' lang='lat' dir='ltr'>duo</span> <span class='ocrx_word' id='word_1_75' title='bbox 246 685 319 709; x_wconf 91' lang='lat' dir='ltr'>sunt</span> <span class='ocrx_word' id='word_1_76' title='bbox 334 679 391 709; x_wconf 85' lang='lat' dir='ltr'>sibi</span> <span class='ocrx_word' id='word_1_77' title='bbox 406 678 540 709; x_wconf 89' lang='lat' dir='ltr'>inuicem</span> <span class='ocrx_word' id='word_1_78' title='bbox 554 678 770 716; x_wconf 84' lang='lat' dir='ltr'>coaequantia,</span> <span class='ocrx_word' id='word_1_79' title='bbox 787 677 867 707; x_wconf 90' lang='lat' dir='ltr'>sicut</span> <span class='ocrx_word' id='word_1_80' title='bbox 882 677 997 706; x_wconf 84' lang='lat' dir='ltr'>diceres</span> 
     </span>
    </p>
   </div>
   <div class='ocr_carea' id='block_1_3' title="bbox 133 777 1170 915">
    <p class='ocr_par' dir='ltr' id='par_1_4' title="bbox 133 777 1170 915">
     <span class='ocr_line' id='line_1_9' title="bbox 565 777 1088 814; baseline -0.004 -6"><span class='ocrx_word' id='word_1_81' title='bbox 565 777 765 808; x_wconf 89' lang='lat' dir='ltr'>Substantiae</span> <span class='ocrx_word' id='word_1_82' title='bbox 780 777 898 806; x_wconf 85' lang='lat' dir='ltr'>radices</span> <span class='ocrx_word' id='word_1_83' title='bbox 913 781 1088 814; x_wconf 83' lang='lat' dir='ltr'>coaequant</span> 
     </span>
     <span class='ocr_line' id='line_1_10' title="bbox 564 827 1170 864; baseline -0.002 -7"><span class='ocrx_word' id='word_1_84' title='bbox 564 827 764 857; x_wconf 87' lang='lat' dir='ltr'>Substantiae</span> <span class='ocrx_word' id='word_1_85' title='bbox 780 837 923 856; x_wconf 87' lang='lat' dir='ltr'>numeros</span> <span class='ocrx_word' id='word_1_86' title='bbox 939 831 1123 864; x_wconf 89' lang='lat' dir='ltr'>coaequant,</span> <span class='ocrx_word' id='word_1_87' title='bbox 1138 833 1170 856; x_wconf 89' lang='lat' dir='ltr'>et</span> 
     </span>
     <span class='ocr_line' id='line_1_11' title="bbox 133 877 1054 915; baseline -0.002 -7"><span class='ocrx_word' id='word_1_88' title='bbox 133 899 160 914; x_wconf 79' lang='lat'>10</span> <span class='ocrx_word' id='word_1_89' title='bbox 564 877 697 907; x_wconf 82' lang='lat' dir='ltr'>Radices</span> <span class='ocrx_word' id='word_1_90' title='bbox 712 887 855 907; x_wconf 92' lang='lat' dir='ltr'>numeros</span> <span class='ocrx_word' id='word_1_91' title='bbox 871 881 1054 915; x_wconf 89' lang='lat' dir='ltr'>coaequant.</span> 
     </span>
    </p>
   </div>
   <div class='ocr_carea' id='block_1_4' title="bbox 136 971 1582 1911">
    <p class='ocr_par' dir='ltr' id='par_1_5' title="bbox 209 971 1201 1013">
     <span class='ocr_line' id='line_1_12' title="bbox 209 971 1201 1013; baseline -0.004 -8"><span class='ocrx_word' id='word_1_92' title='bbox 209 977 254 1006; x_wconf 85' lang='lat' dir='ltr'>De</span> <span class='ocrx_word' id='word_1_93' title='bbox 269 976 443 1005; x_wconf 77' lang='lat' dir='ltr'>substantiis</span> <span class='ocrx_word' id='word_1_94' title='bbox 458 975 571 1004; x_wconf 80' lang='lat' dir='ltr'>radices</span> <span class='ocrx_word' id='word_1_95' title='bbox 585 974 821 1013; x_wconf 81' lang='lat' dir='ltr'>coaequantibus.</span> <span class='ocrx_word' id='word_1_96' title='bbox 865 973 910 1002; x_wconf 90' lang='lat' dir='ltr'>Ca</span> <span class='ocrx_word' id='word_1_97' title='bbox 928 972 1005 1011; x_wconf 91' lang='lat' dir='ltr'>[put]</span> <span class='ocrx_word' id='word_1_98' title='bbox 1019 972 1067 1010; x_wconf 90' lang='lat' dir='ltr'>pri</span> <span class='ocrx_word' id='word_1_99' title='bbox 1084 971 1201 1010; x_wconf 85' lang='lat' dir='ltr'>[mum].</span> 
     </span>
    </p>

    <p class='ocr_par' dir='ltr' id='par_1_6' title="bbox 210 1022 1074 1062">
     <span class='ocr_line' id='line_1_13' title="bbox 210 1022 1074 1062; baseline -0.005 -7"><span class='ocrx_word' id='word_1_100' title='bbox 210 1025 409 1056; x_wconf 88' lang='lat' dir='ltr'>Substantiae</span> <span class='ocrx_word' id='word_1_101' title='bbox 425 1034 504 1062; x_wconf 87' lang='lat' dir='ltr'>quae</span> <span class='ocrx_word' id='word_1_102' title='bbox 519 1024 637 1054; x_wconf 83' lang='lat' dir='ltr'>radices</span> <span class='ocrx_word' id='word_1_103' title='bbox 652 1028 825 1061; x_wconf 87' lang='lat' dir='ltr'>coaequant</span> <span class='ocrx_word' id='word_1_104' title='bbox 841 1027 924 1059; x_wconf 90' lang='lat' dir='ltr'>sunt,</span> <span class='ocrx_word' id='word_1_105' title='bbox 941 1023 965 1052; x_wconf 91' lang='lat' dir='ltr'>si</span> <span class='ocrx_word' id='word_1_106' title='bbox 981 1022 1074 1059; x_wconf 85' lang='lat' dir='ltr'>dicas,</span> 
     </span>
    </p>

    <p class='ocr_par' dir='ltr' id='par_1_7' title="bbox 210 1073 928 1112">
     <span class='ocr_line' id='line_1_14' title="bbox 210 1073 928 1112; baseline -0.006 -7"><span class='ocrx_word' id='word_1_107' title='bbox 210 1074 392 1105; x_wconf 81' lang='lat' dir='ltr'>Substantia</span> <span class='ocrx_word' id='word_1_108' title='bbox 407 1074 544 1112; x_wconf 91' lang='lat' dir='ltr'>quinque</span> <span class='ocrx_word' id='word_1_109' title='bbox 559 1078 749 1112; x_wconf 84' lang='lat' dir='ltr'>coaequatur</span> <span class='ocrx_word' id='word_1_110' title='bbox 764 1073 928 1102; x_wconf 82' lang='lat' dir='ltr'>radicibus.</span> 
     </span>
    </p>

    <p class='ocr_par' dir='ltr' id='par_1_8' title="bbox 211 1121 1576 1163">
     <span class='ocr_line' id='line_1_15' title="bbox 211 1121 1576 1163; baseline -0.003 -8"><span class='ocrx_word' id='word_1_111' title='bbox 211 1125 312 1155; x_wconf 71' lang='lat' dir='ltr'>Radix</span> <span class='ocrx_word' id='word_1_112' title='bbox 334 1125 428 1163; x_wconf 84' lang='lat' dir='ltr'>igitur</span> <span class='ocrx_word' id='word_1_113' title='bbox 451 1124 645 1154; x_wconf 88' lang='lat' dir='ltr'>substantiae</span> <span class='ocrx_word' id='word_1_114' title='bbox 668 1128 741 1153; x_wconf 91' lang='lat' dir='ltr'>sunt</span> <span class='ocrx_word' id='word_1_115' title='bbox 763 1131 788 1161; x_wconf 81' lang='lat'>5,</span> <span class='ocrx_word' id='word_1_116' title='bbox 810 1128 841 1152; x_wconf 91' lang='lat' dir='ltr'>et</span> <span class='ocrx_word' id='word_1_117' title='bbox 864 1131 899 1160; x_wconf 84' lang='lat'>25</span> <span class='ocrx_word' id='word_1_118' title='bbox 920 1123 1021 1160; x_wconf 90' lang='lat' dir='ltr'>ipsam</span> <span class='ocrx_word' id='word_1_119' title='bbox 1040 1127 1232 1160; x_wconf 89' lang='lat' dir='ltr'>componunt</span> <span class='ocrx_word' id='word_1_120' title='bbox 1252 1121 1474 1159; x_wconf 86' lang='lat' dir='ltr'>substantiam,</span> <span class='ocrx_word' id='word_1_121' title='bbox 1498 1131 1576 1160; x_wconf 87' lang='lat' dir='ltr'>quae</span> 
     </span>
    </p>

    <p class='ocr_par' dir='ltr' id='par_1_9' title="bbox 136 1172 1238 1212">
     <span class='ocr_line' id='line_1_16' title="bbox 136 1172 1238 1212; baseline -0.004 -7"><span class='ocrx_word' id='word_1_122' title='bbox 136 1190 160 1210; x_wconf 82' lang='lat'>15</span> <span class='ocrx_word' id='word_1_123' title='bbox 172 1175 315 1205; x_wconf 84' lang='lat' dir='ltr'>videlicet</span> <span class='ocrx_word' id='word_1_124' title='bbox 331 1175 393 1205; x_wconf 90' lang='lat' dir='ltr'>suis</span> <span class='ocrx_word' id='word_1_125' title='bbox 408 1174 545 1212; x_wconf 92' lang='lat' dir='ltr'>quinque</span> <span class='ocrx_word' id='word_1_126' title='bbox 561 1178 714 1212; x_wconf 89' lang='lat' dir='ltr'>aequatur</span> <span class='ocrx_word' id='word_1_127' title='bbox 728 1173 893 1203; x_wconf 87' lang='lat' dir='ltr'>radicibus.</span> <span class='ocrx_word' id='word_1_128' title='bbox 937 1173 978 1202; x_wconf 91' lang='lat' dir='ltr'>Et</span> <span class='ocrx_word' id='word_1_129' title='bbox 993 1172 1089 1202; x_wconf 88' lang='lat' dir='ltr'>etiam</span> <span class='ocrx_word' id='word_1_130' title='bbox 1103 1173 1128 1202; x_wconf 89' lang='lat' dir='ltr'>si</span> <span class='ocrx_word' id='word_1_131' title='bbox 1143 1172 1238 1208; x_wconf 88' lang='lat' dir='ltr'>dicas,</span> 
     </span>
    </p>

    <p class='ocr_par' dir='ltr' id='par_1_10' title="bbox 210 1222 1112 1263">
     <span class='ocr_line' id='line_1_17' title="bbox 210 1222 1112 1263; baseline -0.004 -8"><span class='ocrx_word' id='word_1_132' title='bbox 210 1225 316 1255; x_wconf 91' lang='lat' dir='ltr'>Tertia</span> <span class='ocrx_word' id='word_1_133' title='bbox 331 1235 402 1263; x_wconf 91' lang='lat' dir='ltr'>pars</span> <span class='ocrx_word' id='word_1_134' title='bbox 417 1224 612 1254; x_wconf 89' lang='lat' dir='ltr'>substantiae</span> <span class='ocrx_word' id='word_1_135' title='bbox 627 1228 762 1262; x_wconf 91' lang='lat' dir='ltr'>quatuor</span> <span class='ocrx_word' id='word_1_136' title='bbox 776 1227 929 1261; x_wconf 90' lang='lat' dir='ltr'>aequatur</span> <span class='ocrx_word' id='word_1_137' title='bbox 944 1222 1112 1252; x_wconf 88' lang='lat' dir='ltr'>radicibus:</span> 
     </span>
    </p>

    <p class='ocr_par' dir='ltr' id='par_1_11' title="bbox 171 1272 1578 1360">
     <span class='ocr_line' id='line_1_18' title="bbox 212 1272 1578 1313; baseline -0.003 -8"><span class='ocrx_word' id='word_1_138' title='bbox 212 1276 313 1305; x_wconf 85' lang='lat' dir='ltr'>Radix</span> <span class='ocrx_word' id='word_1_139' title='bbox 332 1275 426 1313; x_wconf 87' lang='lat' dir='ltr'>igitur</span> <span class='ocrx_word' id='word_1_140' title='bbox 442 1274 636 1304; x_wconf 89' lang='lat' dir='ltr'>substantiae</span> <span class='ocrx_word' id='word_1_141' title='bbox 652 1278 724 1303; x_wconf 89' lang='lat' dir='ltr'>sunt</span> <span class='ocrx_word' id='word_1_142' title='bbox 743 1283 788 1309; x_wconf 89' lang='lat'>12,</span> <span class='ocrx_word' id='word_1_143' title='bbox 804 1277 836 1302; x_wconf 92' lang='lat' dir='ltr'>et</span> <span class='ocrx_word' id='word_1_144' title='bbox 858 1283 912 1309; x_wconf 87' lang='lat'>144</span> <span class='ocrx_word' id='word_1_145' title='bbox 925 1272 1025 1311; x_wconf 88' lang='lat' dir='ltr'>ipsam</span> <span class='ocrx_word' id='word_1_146' title='bbox 1041 1272 1256 1302; x_wconf 90' lang='lat' dir='ltr'>demonstrant</span> <span class='ocrx_word' id='word_1_147' title='bbox 1272 1272 1492 1302; x_wconf 87' lang='lat' dir='ltr'>substantiam.</span> <span class='ocrx_word' id='word_1_148' title='bbox 1537 1272 1578 1301; x_wconf 89' lang='lat' dir='ltr'>Et</span> 
     </span>
     <span class='ocr_line' id='line_1_19' title="bbox 171 1324 582 1360; baseline -0.005 -5"><span class='ocrx_word' id='word_1_149' title='bbox 171 1326 267 1356; x_wconf 89' lang='lat' dir='ltr'>etiarn</span> <span class='ocrx_word' id='word_1_150' title='bbox 282 1325 323 1355; x_wconf 91' lang='lat' dir='ltr'>ad</span> <span class='ocrx_word' id='word_1_151' title='bbox 338 1324 582 1360; x_wconf 86' lang='lat' dir='ltr'>similitudinem,</span> 
     </span>
    </p>

    <p class='ocr_par' dir='ltr' id='par_1_12' title="bbox 212 1371 1578 1413">
     <span class='ocr_line' id='line_1_20' title="bbox 212 1371 1578 1413; baseline -0.002 -9"><span class='ocrx_word' id='word_1_152' title='bbox 212 1376 355 1413; x_wconf 86' lang='lat' dir='ltr'>Quinque</span> <span class='ocrx_word' id='word_1_153' title='bbox 371 1374 619 1404; x_wconf 89' lang='lat' dir='ltr'>substantiarum</span> <span class='ocrx_word' id='word_1_154' title='bbox 638 1384 673 1402; x_wconf 93' lang='lat'>10</span> <span class='ocrx_word' id='word_1_155' title='bbox 689 1373 807 1403; x_wconf 86' lang='lat' dir='ltr'>radices</span> <span class='ocrx_word' id='word_1_156' title='bbox 823 1372 1073 1410; x_wconf 89' lang='lat' dir='ltr'>coaequantium.</span> <span class='ocrx_word' id='word_1_157' title='bbox 1116 1372 1185 1402; x_wconf 87' lang='lat' dir='ltr'>Vna</span> <span class='ocrx_word' id='word_1_158' title='bbox 1201 1371 1295 1410; x_wconf 87' lang='lat' dir='ltr'>igitur</span> <span class='ocrx_word' id='word_1_159' title='bbox 1311 1372 1487 1402; x_wconf 87' lang='lat' dir='ltr'>substantia</span> <span class='ocrx_word' id='word_1_160' title='bbox 1504 1372 1578 1401; x_wconf 89' lang='lat' dir='ltr'>dua-</span> 
     </span>
    </p>

    <p class='ocr_par' dir='ltr' id='par_1_13' title="bbox 138 1422 1578 1506">
     <span class='ocr_line' id='line_1_21' title="bbox 138 1422 1578 1462; baseline -0.003 -6"><span class='ocrx_word' id='word_1_161' title='bbox 138 1442 164 1457; x_wconf 88' lang='lat'>20</span> <span class='ocrx_word' id='word_1_162' title='bbox 172 1427 230 1456; x_wconf 92' lang='lat' dir='ltr'>bus</span> <span class='ocrx_word' id='word_1_163' title='bbox 244 1425 400 1455; x_wconf 87' lang='lat' dir='ltr'>radicibus</span> <span class='ocrx_word' id='word_1_164' title='bbox 414 1424 645 1462; x_wconf 79' lang='lat' dir='ltr'>aequiparatur,</span> <span class='ocrx_word' id='word_1_165' title='bbox 660 1428 691 1453; x_wconf 90' lang='lat' dir='ltr'>et</span> <span class='ocrx_word' id='word_1_166' title='bbox 707 1423 793 1453; x_wconf 53' lang='lat' dir='ltr'>radit</span> <span class='ocrx_word' id='word_1_167' title='bbox 807 1422 1002 1453; x_wconf 88' lang='lat' dir='ltr'>substantiae</span> <span class='ocrx_word' id='word_1_168' title='bbox 1017 1427 1090 1452; x_wconf 91' lang='lat' dir='ltr'>sunt</span> <span class='ocrx_word' id='word_1_169' title='bbox 1107 1432 1120 1451; x_wconf 92' lang='lat'><strong>2</strong></span> <span class='ocrx_word' id='word_1_170' title='bbox 1134 1438 1174 1441; x_wconf 96' lang='lat'><strong>—</strong></span> <span class='ocrx_word' id='word_1_171' title='bbox 1185 1427 1217 1452; x_wconf 89' lang='lat' dir='ltr'>et</span> <span class='ocrx_word' id='word_1_172' title='bbox 1231 1422 1441 1452; x_wconf 87' lang='lat' dir='ltr'>substantiam</span> <span class='ocrx_word' id='word_1_173' title='bbox 1455 1427 1578 1460; x_wconf 87' lang='lat' dir='ltr'>quater-</span> 
     </span>
     <span class='ocr_line' id='line_1_22' title="bbox 173 1474 601 1506; baseline -0.007 0"><span class='ocrx_word' id='word_1_174' title='bbox 173 1476 277 1506; x_wconf 89' lang='lat' dir='ltr'>narius</span> <span class='ocrx_word' id='word_1_175' title='bbox 292 1474 430 1504; x_wconf 85' lang='lat' dir='ltr'>ostendit</span> <span class='ocrx_word' id='word_1_176' title='bbox 446 1484 601 1504; x_wconf 93' lang='lat' dir='ltr'>numerus.</span> 
     </span>
    </p>

    <p class='ocr_par' dir='ltr' id='par_1_14' title="bbox 172 1522 1580 1655">
     <span class='ocr_line' id='line_1_23' title="bbox 213 1522 1579 1562; baseline -0.002 -7"><span class='ocrx_word' id='word_1_177' title='bbox 213 1526 332 1555; x_wconf 92' lang='lat' dir='ltr'>Eodem</span> <span class='ocrx_word' id='word_1_178' title='bbox 348 1535 482 1562; x_wconf 88' lang='lat' dir='ltr'>namque</span> <span class='ocrx_word' id='word_1_179' title='bbox 498 1524 601 1560; x_wconf 80' lang='lat' dir='ltr'>modo,</span> <span class='ocrx_word' id='word_1_180' title='bbox 614 1524 672 1553; x_wconf 93' lang='lat' dir='ltr'>hoc</span> <span class='ocrx_word' id='word_1_181' title='bbox 689 1523 773 1561; x_wconf 93' lang='lat' dir='ltr'>quod</span> <span class='ocrx_word' id='word_1_182' title='bbox 789 1533 825 1552; x_wconf 86' lang='lat' dir='ltr'>ex</span> <span class='ocrx_word' id='word_1_183' title='bbox 841 1522 1026 1552; x_wconf 88' lang='lat' dir='ltr'>substantiis</span> <span class='ocrx_word' id='word_1_184' title='bbox 1041 1522 1221 1559; x_wconf 81' lang='lat' dir='ltr'>excreuerit‚</span> <span class='ocrx_word' id='word_1_185' title='bbox 1233 1527 1289 1552; x_wconf 91' lang='lat' dir='ltr'>aut</span> <span class='ocrx_word' id='word_1_186' title='bbox 1306 1522 1408 1552; x_wconf 85' lang='lat' dir='ltr'>minus</span> <span class='ocrx_word' id='word_1_187' title='bbox 1423 1533 1459 1552; x_wconf 91' lang='lat' dir='ltr'>ea</span> <span class='ocrx_word' id='word_1_188' title='bbox 1475 1522 1579 1558; x_wconf 81' lang='lat' dir='ltr'>fuerit,</span> 
     </span>
     <span class='ocr_line' id='line_1_24' title="bbox 172 1572 1580 1611; baseline -0.002 -6"><span class='ocrx_word' id='word_1_189' title='bbox 172 1576 213 1606; x_wconf 90' lang='lat' dir='ltr'>ad</span> <span class='ocrx_word' id='word_1_190' title='bbox 228 1585 324 1605; x_wconf 83' lang='lat' dir='ltr'>vnam</span> <span class='ocrx_word' id='word_1_191' title='bbox 339 1574 532 1604; x_wconf 87' lang='lat' dir='ltr'>conuertitur</span> <span class='ocrx_word' id='word_1_192' title='bbox 547 1573 766 1603; x_wconf 82' lang='lat' dir='ltr'>substantiam.</span> <span class='ocrx_word' id='word_1_193' title='bbox 810 1573 852 1602; x_wconf 92' lang='lat' dir='ltr'>Et</span> <span class='ocrx_word' id='word_1_194' title='bbox 867 1572 1008 1602; x_wconf 86' lang='lat' dir='ltr'>similiter</span> <span class='ocrx_word' id='word_1_195' title='bbox 1023 1572 1117 1602; x_wconf 81' lang='lat' dir='ltr'>facies</span> <span class='ocrx_word' id='word_1_196' title='bbox 1132 1582 1203 1602; x_wconf 93' lang='lat' dir='ltr'>cum</span> <span class='ocrx_word' id='word_1_197' title='bbox 1218 1582 1254 1602; x_wconf 91' lang='lat' dir='ltr'>eo</span> <span class='ocrx_word' id='word_1_198' title='bbox 1270 1573 1354 1611; x_wconf 91' lang='lat' dir='ltr'>quod</span> <span class='ocrx_word' id='word_1_199' title='bbox 1369 1582 1440 1602; x_wconf 91' lang='lat' dir='ltr'>cum</span> <span class='ocrx_word' id='word_1_200' title='bbox 1454 1572 1529 1611; x_wconf 88' lang='lat' dir='ltr'>ipsis</span> <span class='ocrx_word' id='word_1_201' title='bbox 1543 1583 1580 1602; x_wconf 86' lang='lat' dir='ltr'>ex</span> 
     </span>
     <span class='ocr_line' id='line_1_25' title="bbox 175 1624 447 1655; baseline -0.007 0"><span class='ocrx_word' id='word_1_202' title='bbox 175 1625 329 1655; x_wconf 91' lang='lat' dir='ltr'>radicibus</span> <span class='ocrx_word' id='word_1_203' title='bbox 344 1624 447 1654; x_wconf 84' lang='lat' dir='ltr'>fuerit.</span> 
     </span>
    </p>

    <p class='ocr_par' dir='ltr' id='par_1_15' title="bbox 138 1671 1093 1713">
     <span class='ocr_line' id='line_1_26' title="bbox 138 1671 1093 1713; baseline -0.004 -8"><span class='ocrx_word' id='word_1_204' title='bbox 138 1690 164 1712; x_wconf 83' lang='lat'>25</span> <span class='ocrx_word' id='word_1_205' title='bbox 213 1677 258 1705; x_wconf 79' lang='lat' dir='ltr'>De</span> <span class='ocrx_word' id='word_1_206' title='bbox 273 1675 447 1705; x_wconf 76' lang='lat' dir='ltr'>substantiis</span> <span class='ocrx_word' id='word_1_207' title='bbox 463 1685 600 1704; x_wconf 80' lang='lat' dir='ltr'>numeros</span> <span class='ocrx_word' id='word_1_208' title='bbox 613 1674 849 1713; x_wconf 80' lang='lat' dir='ltr'>coaequantibus-</span> <span class='ocrx_word' id='word_1_209' title='bbox 893 1672 939 1702; x_wconf 86' lang='lat' dir='ltr'>Ca</span> <span class='ocrx_word' id='word_1_210' title='bbox 956 1671 1034 1711; x_wconf 91' lang='lat' dir='ltr'>[put]</span> <span class='ocrx_word' id='word_1_211' title='bbox 1050 1672 1093 1701; x_wconf 90' lang='grc' dir='ltr'>ΙΙ.</span> 
     </span>
    </p>

    <p class='ocr_par' dir='ltr' id='par_1_16' title="bbox 214 1722 1305 1761">
     <span class='ocr_line' id='line_1_27' title="bbox 214 1722 1305 1761; baseline -0.003 -7"><span class='ocrx_word' id='word_1_212' title='bbox 214 1724 414 1755; x_wconf 88' lang='lat' dir='ltr'>Substantiae</span> <span class='ocrx_word' id='word_1_213' title='bbox 429 1724 503 1754; x_wconf 74' lang='lat' dir='ltr'>vero</span> <span class='ocrx_word' id='word_1_214' title='bbox 517 1733 661 1753; x_wconf 89' lang='lat' dir='ltr'>numeros</span> <span class='ocrx_word' id='word_1_215' title='bbox 676 1727 883 1761; x_wconf 83' lang='lat' dir='ltr'>coaequantes</span> <span class='ocrx_word' id='word_1_216' title='bbox 898 1722 957 1752; x_wconf 92' lang='lat' dir='ltr'>hoc</span> <span class='ocrx_word' id='word_1_217' title='bbox 972 1722 1064 1751; x_wconf 93' lang='lat' dir='ltr'>modo</span> <span class='ocrx_word' id='word_1_218' title='bbox 1079 1727 1305 1760; x_wconf 90' lang='lat' dir='ltr'>proponuntur.</span> 
     </span>
    </p>

    <p class='ocr_par' dir='ltr' id='par_1_17' title="bbox 174 1771 1582 1911">
     <span class='ocr_line' id='line_1_28' title="bbox 214 1771 1581 1811; baseline -0.002 -7"><span class='ocrx_word' id='word_1_219' title='bbox 214 1774 397 1805; x_wconf 89' lang='lat' dir='ltr'>Substantia</span> <span class='ocrx_word' id='word_1_220' title='bbox 418 1773 586 1803; x_wconf 89' lang='lat' dir='ltr'>nouenario</span> <span class='ocrx_word' id='word_1_221' title='bbox 607 1778 797 1811; x_wconf 89' lang='lat' dir='ltr'>coaequatur</span> <span class='ocrx_word' id='word_1_222' title='bbox 817 1782 954 1802; x_wconf 86' lang='lat' dir='ltr'>numerO.</span> <span class='ocrx_word' id='word_1_223' title='bbox 998 1771 1195 1801; x_wconf 88' lang='lat' dir='ltr'>Nouenarius</span> <span class='ocrx_word' id='word_1_224' title='bbox 1215 1772 1310 1810; x_wconf 87' lang='lat' dir='ltr'>igitur</span> <span class='ocrx_word' id='word_1_225' title='bbox 1329 1783 1476 1802; x_wconf 90' lang='lat' dir='ltr'>numerus</span> <span class='ocrx_word' id='word_1_226' title='bbox 1497 1783 1581 1802; x_wconf 83' lang='lat' dir='ltr'>men-</span> 
     </span>
     <span class='ocr_line' id='line_1_29' title="bbox 174 1822 1580 1856; baseline -0.001 -1"><span class='ocrx_word' id='word_1_227' title='bbox 174 1830 262 1856; x_wconf 87' lang='lat' dir='ltr'>surat</span> <span class='ocrx_word' id='word_1_228' title='bbox 288 1824 498 1854; x_wconf 89' lang='lat' dir='ltr'>substantiam</span> <span class='ocrx_word' id='word_1_229' title='bbox 525 1824 611 1853; x_wconf 88' lang='lat' dir='ltr'>cuius</span> <span class='ocrx_word' id='word_1_230' title='bbox 637 1834 732 1853; x_wconf 89' lang='lat' dir='ltr'>vnam</span> <span class='ocrx_word' id='word_1_231' title='bbox 760 1823 894 1853; x_wconf 92' lang='lat' dir='ltr'>radicem</span> <span class='ocrx_word' id='word_1_232' title='bbox 921 1822 1073 1852; x_wconf 90' lang='lat' dir='ltr'>ternarius</span> <span class='ocrx_word' id='word_1_233' title='bbox 1099 1822 1237 1852; x_wconf 89' lang='lat' dir='ltr'>ostendit</span> <span class='ocrx_word' id='word_1_234' title='bbox 1264 1833 1418 1853; x_wconf 91' lang='lat' dir='ltr'>numerus.</span> <span class='ocrx_word' id='word_1_235' title='bbox 1462 1823 1580 1853; x_wconf 89' lang='lat' dir='ltr'>Eodem</span> 
     </span>
     <span class='ocr_line' id='line_1_30' title="bbox 175 1871 1582 1911; baseline -0.002 -6"><span class='ocrx_word' id='word_1_236' title='bbox 175 1875 268 1905; x_wconf 90' lang='lat' dir='ltr'>modo</span> <span class='ocrx_word' id='word_1_237' title='bbox 280 1875 366 1904; x_wconf 84' lang='lat' dir='ltr'>iuxta</span> <span class='ocrx_word' id='word_1_238' title='bbox 378 1873 611 1904; x_wconf 89' lang='lat' dir='ltr'>multitudinem</span> <span class='ocrx_word' id='word_1_239' title='bbox 624 1878 655 1902; x_wconf 86' lang='lat' dir='ltr'>et</span> <span class='ocrx_word' id='word_1_240' title='bbox 666 1873 858 1911; x_wconf 87' lang='lat' dir='ltr'>paucitatem</span> <span class='ocrx_word' id='word_1_241' title='bbox 871 1872 1118 1902; x_wconf 88' lang='lat' dir='ltr'>substantiarum</span> <span class='ocrx_word' id='word_1_242' title='bbox 1130 1871 1215 1910; x_wconf 87' lang='lat' dir='ltr'>ipsae</span> <span class='ocrx_word' id='word_1_243' title='bbox 1227 1872 1422 1902; x_wconf 86' lang='lat' dir='ltr'>substantiae</span> <span class='ocrx_word' id='word_1_244' title='bbox 1434 1873 1474 1902; x_wconf 92' lang='lat' dir='ltr'>ad</span> <span class='ocrx_word' id='word_1_245' title='bbox 1490 1874 1582 1903; x_wconf 86' lang='lat' dir='ltr'>vnius</span> 
     </span>
    </p>
   </div>
   <div class='ocr_carea' id='block_1_5' title="bbox 175 1944 1583 2617">
    <p class='ocr_par' dir='ltr' id='par_1_18' title="bbox 175 1944 1582 2130">
     <span class='ocr_line' id='line_1_31' title="bbox 216 1944 1580 1973; baseline -0.001 -4"><span class='ocrx_word' id='word_1_246' title='bbox 216 1955 264 1969; x_wconf 81' lang='lat'>1-2.</span> <span class='ocrx_word' id='word_1_247' title='bbox 282 1947 305 1969; x_wconf 87' lang='lat' dir='ltr'>id</span> <span class='ocrx_word' id='word_1_248' title='bbox 321 1950 355 1968; x_wconf 87' lang='lat' dir='ltr'>est</span> <span class='ocrx_word' id='word_1_249' title='bbox 374 1950 414 1973; x_wconf 81' lang='lat' dir='ltr'>pro</span> <span class='ocrx_word' id='word_1_250' title='bbox 433 1945 520 1968; x_wconf 86' lang='lat' dir='ltr'>scilicet</span> <span class='ocrx_word' id='word_1_251' title='bbox 535 1946 591 1971; x_wconf 87' lang='lat' dir='ltr'>VR;</span> <span class='ocrx_word' id='word_1_252' title='bbox 624 1949 647 1967; x_wconf 89' lang='lat' dir='ltr'>et</span> <span class='ocrx_word' id='word_1_253' title='bbox 674 1945 697 1967; x_wconf 92' lang='lat' dir='ltr'>in</span> <span class='ocrx_word' id='word_1_254' title='bbox 719 1945 750 1966; x_wconf 91' lang='lat' dir='ltr'>D.</span> <span class='ocrx_word' id='word_1_255' title='bbox 792 1944 852 1967; x_wconf 85' lang='lat' dir='ltr'>Solis</span> <span class='ocrx_word' id='word_1_256' title='bbox 944 1952 977 1966; x_wconf 86' lang='lat'>12.</span> <span class='ocrx_word' id='word_1_257' title='bbox 995 1944 1039 1967; x_wconf 89' lang='lat' dir='ltr'>Sed</span> <span class='ocrx_word' id='word_1_258' title='bbox 1058 1948 1081 1966; x_wconf 85' lang='lat' dir='ltr'>et</span> <span class='ocrx_word' id='word_1_259' title='bbox 1100 1944 1239 1966; x_wconf 86' lang='lat' dir='ltr'>substantie.</span> <span class='ocrx_word' id='word_1_260' title='bbox 1273 1948 1328 1967; x_wconf 85' lang='lat' dir='ltr'>sunt</span> <span class='ocrx_word' id='word_1_261' title='bbox 1349 1944 1392 1971; x_wconf 65' lang='lat'>(4-</span> <span class='ocrx_word' id='word_1_262' title='bbox 1404 1949 1440 1967; x_wconf 84' lang='lat' dir='ltr'>est</span> <span class='ocrx_word' id='word_1_263' title='bbox 1459 1945 1492 1972; x_wconf 94' lang='lat' dir='ltr'>D)</span> <span class='ocrx_word' id='word_1_264' title='bbox 1513 1946 1580 1973; x_wconf 84' lang='lat' dir='ltr'>quasi</span> 
     </span>
     <span class='ocr_line' id='line_1_32' title="bbox 175 1981 1582 2010; baseline -0.001 -4"><span class='ocrx_word' id='word_1_265' title='bbox 175 1984 278 2007; x_wconf 87' lang='lat' dir='ltr'>numeris</span> <span class='ocrx_word' id='word_1_266' title='bbox 307 1984 358 2005; x_wconf 89' lang='lat' dir='ltr'>VR.</span> <span class='ocrx_word' id='word_1_267' title='bbox 485 1990 560 2010; x_wconf 85' lang='lat' dir='ltr'>neque</span> <span class='ocrx_word' id='word_1_268' title='bbox 578 1983 612 2004; x_wconf 81' lang='lat' dir='ltr'>bis</span> <span class='ocrx_word' id='word_1_269' title='bbox 630 1986 701 2009; x_wconf 77' lang='lat' dir='ltr'>supra</span> <span class='ocrx_word' id='word_1_270' title='bbox 723 1989 809 2004; x_wconf 77' lang='lat' dir='ltr'>versum</span> <span class='ocrx_word' id='word_1_271' title='bbox 828 1982 850 2003; x_wconf 93' lang='lat' dir='ltr'><em>D</em></span> <span class='ocrx_word' id='word_1_272' title='bbox 903 1982 991 2004; x_wconf 85' lang='lat' dir='ltr'>diceres</span> <span class='ocrx_word' id='word_1_273' title='bbox 1008 1982 1061 2008; x_wconf 88' lang='lat' dir='ltr'>VD,</span> <span class='ocrx_word' id='word_1_274' title='bbox 1080 1984 1099 2003; x_wconf 80' lang='lat' dir='ltr'>et</span> <span class='ocrx_word' id='word_1_275' title='bbox 1118 1981 1137 2003; x_wconf 95' lang='lat' dir='ltr'>C</span> <span class='ocrx_word' id='word_1_276' title='bbox 1156 1982 1196 2003; x_wconf 72' lang='lat' dir='ltr'>scd</span> <span class='ocrx_word' id='word_1_277' title='bbox 1215 1981 1273 2009; x_wconf 74' lang='lat' dir='ltr'>ch.;</span> <span class='ocrx_word' id='word_1_278' title='bbox 1297 1982 1384 2004; x_wconf 86' lang='lat' dir='ltr'>diceres</span> <span class='ocrx_word' id='word_1_279' title='bbox 1396 1985 1437 2009; x_wconf 78' lang='lat' dir='ltr'>pro</span> <span class='ocrx_word' id='word_1_280' title='bbox 1456 1983 1520 2005; x_wconf 86' lang='lat' dir='ltr'>dicas</span> <span class='ocrx_word' id='word_1_281' title='bbox 1533 1983 1582 2010; x_wconf 79' lang='lat' dir='ltr'>scre</span> 
     </span>
     <span class='ocr_line' id='line_1_33' title="bbox 175 2019 1552 2068; baseline 0.001 -27"><span class='ocrx_word' id='word_1_282' title='bbox 175 2029 236 2044; x_wconf 80' lang='lat' dir='ltr'>man.</span> <span class='ocrx_word' id='word_1_283' title='bbox 260 2029 278 2046; x_wconf 85' lang='lat'>2,</span> <span class='ocrx_word' id='word_1_284' title='bbox 301 2025 341 2048; x_wconf 81' lang='lat' dir='ltr'>pro</span> <span class='ocrx_word' id='word_1_285' title='bbox 362 2021 385 2043; x_wconf 87' lang='lat' dir='ltr'>in</span> <span class='ocrx_word' id='word_1_286' title='bbox 406 2020 447 2042; x_wconf 76' lang='lat' dir='ltr'>del.</span> <span class='ocrx_word' id='word_1_287' title='bbox 470 2021 518 2045; x_wconf 77' lang='lat' dir='ltr'>bis:</span> <span class='ocrx_word' id='word_1_288' title='bbox 539 2027 580 2042; x_wconf 88' lang='lat' dir='ltr'>nec</span> <span class='ocrx_word' id='word_1_289' title='bbox 601 2020 635 2042; x_wconf 78' lang='lat' dir='ltr'>bis</span> <span class='ocrx_word' id='word_1_290' title='bbox 657 2020 685 2041; x_wconf 89' lang='lat' dir='ltr'>R.</span> <span class='ocrx_word' id='word_1_291' title='bbox 798 2026 852 2041; x_wconf 83' lang='lat' dir='ltr'>con-</span> <span class='ocrx_word' id='word_1_292' title='bbox 904 2019 991 2046; x_wconf 78' lang='lat' dir='ltr'>ubique.</span> <span class='ocrx_word' id='word_1_293' title='bbox 1043 2019 1073 2041; x_wconf 81' lang='lat' dir='ltr'>In</span> <span class='ocrx_word' id='word_1_294' title='bbox 1095 2026 1164 2045; x_wconf 81' lang='lat' dir='ltr'>marg.</span> <span class='ocrx_word' id='word_1_295' title='bbox 1185 2019 1207 2040; x_wconf 95' lang='lat' dir='ltr'><em>D</em></span> <span class='ocrx_word' id='word_1_296' title='bbox 1242 2027 1292 2068; x_wconf 50' lang='grc' dir='ltr'>ἶ(</span> <span class='ocrx_word' id='word_1_297' title='bbox 1320 2023 1348 2065; x_wconf 83' lang='grc' dir='ltr'>φ</span> <span class='ocrx_word' id='word_1_298' title='bbox 1406 2033 1552 2056; x_wconf 62' lang='lat' dir='ltr'>coequamur</span> 
     </span>
     <span class='ocr_line' id='line_1_34' title="bbox 175 2057 1206 2086; baseline -0.003 -5"><span class='ocrx_word' id='word_1_299' title='bbox 175 2059 280 2086; x_wconf 79' lang='lat' dir='ltr'>iungitur</span> <span class='ocrx_word' id='word_1_300' title='bbox 294 2059 339 2080; x_wconf 88' lang='lat' dir='ltr'>DR</span> <span class='ocrx_word' id='word_1_301' title='bbox 353 2062 372 2080; x_wconf 79' lang='lat' dir='ltr'>et</span> <span class='ocrx_word' id='word_1_302' title='bbox 386 2059 411 2080; x_wconf 83' lang='lat' dir='ltr'>in</span> <span class='ocrx_word' id='word_1_303' title='bbox 430 2065 499 2084; x_wconf 65' lang='lat' dir='ltr'>marg.</span> <span class='ocrx_word' id='word_1_304' title='bbox 515 2057 553 2079; x_wconf 85' lang='lat' dir='ltr'>alii</span> <span class='ocrx_word' id='word_1_305' title='bbox 566 2057 697 2079; x_wconf 84' lang='lat' dir='ltr'>coniunctis</span> <span class='ocrx_word' id='word_1_306' title='bbox 711 2057 733 2078; x_wconf 95' lang='lat' dir='ltr'>D</span> <span class='ocrx_word' id='word_1_307' title='bbox 748 2064 808 2078; x_wconf 77' lang='lat' dir='ltr'>man.</span> <span class='ocrx_word' id='word_1_308' title='bbox 825 2064 852 2083; x_wconf 83' lang='lat'>2;</span> <span class='ocrx_word' id='word_1_309' title='bbox 945 2065 979 2083; x_wconf 77' lang='lat'>13·</span> <span class='ocrx_word' id='word_1_310' title='bbox 997 2057 1114 2084; x_wconf 77' lang='lat' dir='ltr'>quinque:</span> <span class='ocrx_word' id='word_1_311' title='bbox 1125 2057 1173 2079; x_wconf 84' lang='lat' dir='ltr'>suis</span> <span class='ocrx_word' id='word_1_312' title='bbox 1185 2064 1206 2084; x_wconf 84' lang='lat'>5.</span> 
     </span>
     <span class='ocr_line' id='line_1_35' title="bbox 175 2087 1568 2130; baseline -0.008 -6"><span class='ocrx_word' id='word_1_313' title='bbox 175 2101 308 2124; x_wconf 86' lang='lat' dir='ltr'>coniunctis</span> <span class='ocrx_word' id='word_1_314' title='bbox 325 2101 352 2123; x_wconf 63' lang='lat' dir='ltr'>V.</span> <span class='ocrx_word' id='word_1_315' title='bbox 415 2101 446 2122; x_wconf 83' lang='lat' dir='ltr'>In</span> <span class='ocrx_word' id='word_1_316' title='bbox 464 2108 533 2127; x_wconf 83' lang='lat' dir='ltr'>marg.</span> <span class='ocrx_word' id='word_1_317' title='bbox 550 2097 703 2130; x_wconf 55' lang='lat' dir='ltr'>Quid‘ZQW</span> <span class='ocrx_word' id='word_1_318' title='bbox 728 2098 804 2120; x_wconf 87' lang='lat' dir='ltr'>Radix</span> <span class='ocrx_word' id='word_1_319' title='bbox 821 2098 851 2119; x_wconf 88' lang='lat' dir='ltr'>D.</span> <span class='ocrx_word' id='word_1_320' title='bbox 945 2103 978 2122; x_wconf 82' lang='lat'>14-</span> <span class='ocrx_word' id='word_1_321' title='bbox 996 2103 1023 2122; x_wconf 80' lang='lat'>35</span> <span class='ocrx_word' id='word_1_322' title='bbox 1036 2095 1063 2117; x_wconf 96' lang='lat' dir='ltr'>V.</span> <span class='ocrx_word' id='word_1_323' title='bbox 1241 2087 1293 2129; x_wconf 54' lang='grc' dir='ltr'>ἶ(</span> <span class='ocrx_word' id='word_1_324' title='bbox 1407 2095 1568 2118; x_wconf 70' lang='lat' dir='ltr'>assimilantur</span> 
     </span>
    </p>

    <p class='ocr_par' dir='ltr' id='par_1_19' title="bbox 176 2136 1271 2206">
     <span class='ocr_line' id='line_1_36' title="bbox 215 2136 1271 2186; baseline -0.006 -22"><span class='ocrx_word' id='word_1_325' title='bbox 215 2149 235 2168; x_wconf 80' lang='lat'>3.</span> <span class='ocrx_word' id='word_1_326' title='bbox 253 2142 277 2164; x_wconf 81' lang='lat' dir='ltr'>in</span> <span class='ocrx_word' id='word_1_327' title='bbox 294 2149 317 2163; x_wconf 87' lang='lat' dir='ltr'>se</span> <span class='ocrx_word' id='word_1_328' title='bbox 335 2145 375 2168; x_wconf 78' lang='lat' dir='ltr'>pro</span> <span class='ocrx_word' id='word_1_329' title='bbox 392 2148 445 2163; x_wconf 89' lang='lat' dir='ltr'>cum</span> <span class='ocrx_word' id='word_1_330' title='bbox 463 2148 486 2163; x_wconf 88' lang='lat' dir='ltr'>se</span> <span class='ocrx_word' id='word_1_331' title='bbox 498 2141 547 2167; x_wconf 78' lang='lat' dir='ltr'>sere</span> <span class='ocrx_word' id='word_1_332' title='bbox 565 2140 645 2167; x_wconf 75' lang='lat' dir='ltr'>ubique</span> <span class='ocrx_word' id='word_1_333' title='bbox 662 2140 739 2161; x_wconf 92' lang='lat' dir='ltr'>VDR.</span> <span class='ocrx_word' id='word_1_334' title='bbox 802 2139 853 2166; x_wconf 81' lang='lat' dir='ltr'>ipsa</span> <span class='ocrx_word' id='word_1_335' title='bbox 945 2140 978 2160; x_wconf 53' lang='lat'>¹5⁴</span> <span class='ocrx_word' id='word_1_336' title='bbox 996 2140 1110 2160; x_wconf 60' lang='lat' dir='ltr'>coequat&amp;</span> <span class='ocrx_word' id='word_1_337' title='bbox 1167 2136 1207 2159; x_wconf 63' lang='grc' dir='ltr'>ΜΟ</span> <span class='ocrx_word' id='word_1_338' title='bbox 1247 2148 1271 2186; x_wconf 68' lang='lat'>3</span> 
     </span>
     <span class='ocr_line' id='line_1_37' title="bbox 176 2171 1208 2206; baseline -0.007 -6"><span class='ocrx_word' id='word_1_339' title='bbox 176 2187 218 2202; x_wconf 88' lang='lat' dir='ltr'>om.</span> <span class='ocrx_word' id='word_1_340' title='bbox 231 2180 264 2206; x_wconf 82' lang='lat' dir='ltr'>V;</span> <span class='ocrx_word' id='word_1_341' title='bbox 284 2179 359 2206; x_wconf 75' lang='lat' dir='ltr'>ipsam</span> <span class='ocrx_word' id='word_1_342' title='bbox 371 2180 400 2201; x_wconf 75' lang='lat' dir='ltr'>R,</span> <span class='ocrx_word' id='word_1_343' title='bbox 904 2179 1005 2198; x_wconf 85' lang='lat' dir='ltr'>aequare</span> <span class='ocrx_word' id='word_1_344' title='bbox 1025 2172 1120 2198; x_wconf 80' lang='lat' dir='ltr'>passim.</span> <span class='ocrx_word' id='word_1_345' title='bbox 1140 2171 1208 2198; x_wconf 87' lang='lat' dir='ltr'>quasi</span> 
     </span>
    </p>

    <p class='ocr_par' dir='ltr' id='par_1_20' title="bbox 215 2209 1000 2244">
     <span class='ocr_line' id='line_1_38' title="bbox 215 2209 1000 2244; baseline -0.005 -5"><span class='ocrx_word' id='word_1_346' title='bbox 215 2225 236 2244; x_wconf 78' lang='lat'>4.</span> <span class='ocrx_word' id='word_1_347' title='bbox 254 2217 304 2244; x_wconf 86' lang='lat' dir='ltr'>ipsa</span> <span class='ocrx_word' id='word_1_348' title='bbox 316 2221 356 2243; x_wconf 78' lang='lat' dir='ltr'>pro</span> <span class='ocrx_word' id='word_1_349' title='bbox 367 2217 417 2244; x_wconf 89' lang='lat' dir='ltr'>ipso</span> <span class='ocrx_word' id='word_1_350' title='bbox 424 2217 472 2243; x_wconf 77' lang='lat' dir='ltr'>sere</span> <span class='ocrx_word' id='word_1_351' title='bbox 484 2216 564 2243; x_wconf 82' lang='lat' dir='ltr'>ubique</span> <span class='ocrx_word' id='word_1_352' title='bbox 576 2216 612 2242; x_wconf 86' lang='lat' dir='ltr'>D;</span> <span class='ocrx_word' id='word_1_353' title='bbox 633 2215 710 2242; x_wconf 89' lang='lat' dir='ltr'>ipsum</span> <span class='ocrx_word' id='word_1_354' title='bbox 722 2215 743 2236; x_wconf 94' lang='lat' dir='ltr'>R</span> <span class='ocrx_word' id='word_1_355' title='bbox 755 2215 851 2241; x_wconf 73' lang='lat' dir='ltr'>passim.</span> <span class='ocrx_word' id='word_1_356' title='bbox 904 2209 1000 2231; x_wconf 50' lang='lat' dir='ltr'>dicere&amp;</span> 
     </span>
    </p>

    <p class='ocr_par' dir='ltr' id='par_1_21' title="bbox 176 2246 1579 2356">
     <span class='ocr_line' id='line_1_39' title="bbox 215 2246 1090 2281; baseline -0.005 -5"><span class='ocrx_word' id='word_1_357' title='bbox 215 2256 265 2281; x_wconf 82' lang='grc'>5-6.</span> <span class='ocrx_word' id='word_1_358' title='bbox 282 2262 338 2276; x_wconf 80' lang='lat' dir='ltr'>vero</span> <span class='ocrx_word' id='word_1_359' title='bbox 352 2262 395 2276; x_wconf 72' lang='lat' dir='ltr'>om.</span> <span class='ocrx_word' id='word_1_360' title='bbox 412 2254 442 2276; x_wconf 91' lang='lat' dir='ltr'>D.</span> <span class='ocrx_word' id='word_1_361' title='bbox 506 2261 532 2276; x_wconf 88' lang='lat' dir='ltr'>ex</span> <span class='ocrx_word' id='word_1_362' title='bbox 548 2253 632 2275; x_wconf 78' lang='lat' dir='ltr'>radicis</span> <span class='ocrx_word' id='word_1_363' title='bbox 647 2253 670 2274; x_wconf 91' lang='lat' dir='ltr'>in</span> <span class='ocrx_word' id='word_1_364' title='bbox 686 2260 709 2274; x_wconf 87' lang='lat' dir='ltr'>se</span> <span class='ocrx_word' id='word_1_365' title='bbox 724 2252 774 2279; x_wconf 80' lang='lat' dir='ltr'>ipsa</span> <span class='ocrx_word' id='word_1_366' title='bbox 792 2252 853 2279; x_wconf 85' lang='lat' dir='ltr'>(ipsa</span> <span class='ocrx_word' id='word_1_367' title='bbox 945 2253 979 2272; x_wconf 86' lang='lat'>17.</span> <span class='ocrx_word' id='word_1_368' title='bbox 997 2253 1050 2273; x_wconf 70' lang='lat' dir='ltr'>ergo</span> <span class='ocrx_word' id='word_1_369' title='bbox 1062 2246 1090 2268; x_wconf 82' lang='lat' dir='ltr'>V-</span> 
     </span>
     <span class='ocr_line' id='line_1_40' title="bbox 176 2279 1579 2318; baseline -0.007 -4"><span class='ocrx_word' id='word_1_370' title='bbox 176 2299 220 2314; x_wconf 85' lang='lat' dir='ltr'>om.</span> <span class='ocrx_word' id='word_1_371' title='bbox 243 2292 276 2318; x_wconf 90' lang='lat' dir='ltr'>V;</span> <span class='ocrx_word' id='word_1_372' title='bbox 308 2292 384 2318; x_wconf 85' lang='lat' dir='ltr'>ipsam</span> <span class='ocrx_word' id='word_1_373' title='bbox 406 2292 437 2317; x_wconf 89' lang='lat' dir='ltr'>R)</span> <span class='ocrx_word' id='word_1_374' title='bbox 463 2291 661 2318; x_wconf 85' lang='lat' dir='ltr'>multiplicacione</span> <span class='ocrx_word' id='word_1_375' title='bbox 683 2290 759 2312; x_wconf 84' lang='lat' dir='ltr'>VDR.</span> <span class='ocrx_word' id='word_1_376' title='bbox 822 2289 852 2311; x_wconf 89' lang='lat' dir='ltr'>[n</span> <span class='ocrx_word' id='word_1_377' title='bbox 945 2291 978 2305; x_wconf 85' lang='lat'>22-</span> <span class='ocrx_word' id='word_1_378' title='bbox 996 2291 1050 2310; x_wconf 71' lang='lat' dir='ltr'>ergo</span> <span class='ocrx_word' id='word_1_379' title='bbox 1071 2287 1111 2310; x_wconf 67' lang='grc' dir='ltr'>ΡΜ</span> <span class='ocrx_word' id='word_1_380' title='bbox 1132 2290 1242 2310; x_wconf 73' lang='lat' dir='ltr'>namque-</span> <span class='ocrx_word' id='word_1_381' title='bbox 1305 2281 1349 2303; x_wconf 82' lang='lat' dir='ltr'>hOC</span> <span class='ocrx_word' id='word_1_382' title='bbox 1370 2287 1413 2302; x_wconf 74' lang='grc' dir='ltr'>ΟΜ·</span> <span class='ocrx_word' id='word_1_383' title='bbox 1435 2279 1468 2305; x_wconf 90' lang='lat' dir='ltr'>V;</span> <span class='ocrx_word' id='word_1_384' title='bbox 1499 2279 1535 2301; x_wconf 61' lang='lat' dir='ltr'>his</span> <span class='ocrx_word' id='word_1_385' title='bbox 1556 2279 1579 2300; x_wconf 89' lang='lat' dir='ltr'>D</span> 
     </span>
     <span class='ocr_line' id='line_1_41' title="bbox 177 2318 1442 2356; baseline -0.006 -5"><span class='ocrx_word' id='word_1_386' title='bbox 177 2336 246 2356; x_wconf 81' lang='lat' dir='ltr'>marg.</span> <span class='ocrx_word' id='word_1_387' title='bbox 271 2329 409 2351; x_wconf 82' lang='lat' dir='ltr'>Substantia</span> <span class='ocrx_word' id='word_1_388' title='bbox 439 2329 492 2350; x_wconf 89' lang='lat' dir='ltr'>VD.</span> <span class='ocrx_word' id='word_1_389' title='bbox 564 2328 623 2350; x_wconf 75' lang='lat' dir='ltr'>Add.</span> <span class='ocrx_word' id='word_1_390' title='bbox 649 2330 700 2354; x_wconf 80' lang='lat' dir='ltr'>pos!</span> <span class='ocrx_word' id='word_1_391' title='bbox 728 2327 851 2354; x_wconf 82' lang='lat' dir='ltr'>colligitur,</span> <span class='ocrx_word' id='word_1_392' title='bbox 904 2324 923 2343; x_wconf 68' lang='lat' dir='ltr'>el</span> <span class='ocrx_word' id='word_1_393' title='bbox 933 2322 958 2343; x_wconf 73' lang='lat' dir='ltr'>in</span> <span class='ocrx_word' id='word_1_394' title='bbox 969 2329 1038 2347; x_wconf 67' lang='lat' dir='ltr'>marg·</span> <span class='ocrx_word' id='word_1_395' title='bbox 1051 2328 1111 2343; x_wconf 66' lang='lat' dir='ltr'>man·</span> <span class='ocrx_word' id='word_1_396' title='bbox 1125 2328 1135 2342; x_wconf 90' lang='lat'><strong><em>2</em></strong></span> <span class='ocrx_word' id='word_1_397' title='bbox 1149 2320 1188 2342; x_wconf 76' lang='lat' dir='ltr'>alii</span> <span class='ocrx_word' id='word_1_398' title='bbox 1199 2320 1250 2342; x_wconf 79' lang='lat' dir='ltr'>hoc·</span> <span class='ocrx_word' id='word_1_399' title='bbox 1313 2318 1346 2340; x_wconf 70' lang='lat' dir='ltr'>eis</span> <span class='ocrx_word' id='word_1_400' title='bbox 1356 2321 1397 2345; x_wconf 67' lang='grc' dir='ltr'>ΡΜ</span> <span class='ocrx_word' id='word_1_401' title='bbox 1407 2324 1442 2339; x_wconf 73' lang='lat' dir='ltr'>ea·</span> 
     </span>
    </p>

    <p class='ocr_par' dir='ltr' id='par_1_22' title="bbox 177 2353 1570 2430">
     <span class='ocr_line' id='line_1_42' title="bbox 178 2353 1570 2393; baseline -0.005 -5"><span class='ocrx_word' id='word_1_402' title='bbox 178 2366 245 2389; x_wconf 88' lang='lat' dir='ltr'>Solus</span> <span class='ocrx_word' id='word_1_403' title='bbox 256 2366 371 2393; x_wconf 88' lang='lat' dir='ltr'>siquidem</span> <span class='ocrx_word' id='word_1_404' title='bbox 385 2366 489 2393; x_wconf 81' lang='lat' dir='ltr'>(quidem</span> <span class='ocrx_word' id='word_1_405' title='bbox 501 2366 532 2391; x_wconf 93' lang='lat' dir='ltr'>R)</span> <span class='ocrx_word' id='word_1_406' title='bbox 545 2372 656 2387; x_wconf 87' lang='lat' dir='ltr'>numerus</span> <span class='ocrx_word' id='word_1_407' title='bbox 667 2372 742 2391; x_wconf 88' lang='lat' dir='ltr'>neque</span> <span class='ocrx_word' id='word_1_408' title='bbox 755 2364 806 2390; x_wconf 90' lang='lat' dir='ltr'>(nec</span> <span class='ocrx_word' id='word_1_409' title='bbox 819 2362 851 2388; x_wconf 88' lang='lat' dir='ltr'>R)</span> <span class='ocrx_word' id='word_1_410' title='bbox 945 2366 979 2385; x_wconf 80' lang='lat'>²3-</span> <span class='ocrx_word' id='word_1_411' title='bbox 996 2362 1121 2381; x_wconf 67' lang='lat' dir='ltr'>conuertas</span> <span class='ocrx_word' id='word_1_412' title='bbox 1131 2358 1165 2385; x_wconf 90' lang='lat' dir='ltr'>V;</span> <span class='ocrx_word' id='word_1_413' title='bbox 1188 2360 1340 2380; x_wconf 64' lang='lat' dir='ltr'>conuenaffll’</span> <span class='ocrx_word' id='word_1_414' title='bbox 1353 2355 1384 2377; x_wconf 87' lang='lat' dir='ltr'>D-</span> <span class='ocrx_word' id='word_1_415' title='bbox 1447 2353 1521 2376; x_wconf 50' lang='lat' dir='ltr'>saei&amp;</span> <span class='ocrx_word' id='word_1_416' title='bbox 1534 2353 1570 2375; x_wconf 71' lang='lat' dir='ltr'>de·</span> 
     </span>
     <span class='ocr_line' id='line_1_43' title="bbox 177 2396 1155 2430; baseline -0.005 -4"><span class='ocrx_word' id='word_1_417' title='bbox 177 2404 295 2426; x_wconf 84' lang='lat' dir='ltr'>radicibus</span> <span class='ocrx_word' id='word_1_418' title='bbox 313 2411 389 2430; x_wconf 86' lang='lat' dir='ltr'>neque</span> <span class='ocrx_word' id='word_1_419' title='bbox 409 2404 461 2429; x_wconf 88' lang='lat' dir='ltr'>(nec</span> <span class='ocrx_word' id='word_1_420' title='bbox 480 2403 511 2429; x_wconf 89' lang='lat' dir='ltr'>R)</span> <span class='ocrx_word' id='word_1_421' title='bbox 532 2402 671 2425; x_wconf 84' lang='lat' dir='ltr'>substantiis</span> <span class='ocrx_word' id='word_1_422' title='bbox 689 2402 736 2424; x_wconf 82' lang='lat' dir='ltr'>ulla</span> <span class='ocrx_word' id='word_1_423' title='bbox 757 2408 853 2429; x_wconf 82' lang='lat' dir='ltr'>propor-</span> <span class='ocrx_word' id='word_1_424' title='bbox 945 2403 979 2423; x_wconf 81' lang='lat'>²5·</span> <span class='ocrx_word' id='word_1_425' title='bbox 998 2396 1100 2418; x_wconf 71' lang='lat' dir='ltr'>Tilulum</span> <span class='ocrx_word' id='word_1_426' title='bbox 1112 2403 1155 2417; x_wconf 75' lang='lat' dir='ltr'>om-</span> 
     </span>
    </p>

    <p class='ocr_par' dir='ltr' id='par_1_23' title="bbox 177 2429 1583 2505">
     <span class='ocr_line' id='line_1_44' title="bbox 178 2429 1583 2467; baseline -0.005 -4"><span class='ocrx_word' id='word_1_427' title='bbox 178 2441 243 2463; x_wconf 86' lang='lat' dir='ltr'>cione</span> <span class='ocrx_word' id='word_1_428' title='bbox 255 2441 404 2467; x_wconf 83' lang='lat' dir='ltr'>coniungitur</span> <span class='ocrx_word' id='word_1_429' title='bbox 416 2441 492 2462; x_wconf 91' lang='lat' dir='ltr'>VDR.</span> <span class='ocrx_word' id='word_1_430' title='bbox 555 2447 608 2467; x_wconf 84' lang='lat' dir='ltr'>ergo</span> <span class='ocrx_word' id='word_1_431' title='bbox 621 2443 661 2466; x_wconf 80' lang='lat' dir='ltr'>pro</span> <span class='ocrx_word' id='word_1_432' title='bbox 677 2439 748 2466; x_wconf 85' lang='lat' dir='ltr'>igitur</span> <span class='ocrx_word' id='word_1_433' title='bbox 766 2439 853 2465; x_wconf 79' lang='lat' dir='ltr'>passim</span> <span class='ocrx_word' id='word_1_434' title='bbox 945 2435 979 2455; x_wconf 84' lang='lat'>²6-</span> <span class='ocrx_word' id='word_1_435' title='bbox 997 2434 1025 2455; x_wconf 86' lang='lat' dir='ltr'>In</span> <span class='ocrx_word' id='word_1_436' title='bbox 1052 2433 1199 2456; x_wconf 72' lang='lat' dir='ltr'>substantiis·</span> <span class='ocrx_word' id='word_1_437' title='bbox 1275 2429 1454 2458; x_wconf 69' lang='lat' dir='ltr'>coequantibus·</span> <span class='ocrx_word' id='word_1_438' title='bbox 1530 2436 1583 2456; x_wconf 69' lang='grc' dir='ltr'>1)ῐο-</span> 
     </span>
     <span class='ocr_line' id='line_1_45' title="bbox 177 2459 1525 2505; baseline -0.007 -4"><span class='ocrx_word' id='word_1_439' title='bbox 177 2479 230 2501; x_wconf 91' lang='lat' dir='ltr'>VD.</span> <span class='ocrx_word' id='word_1_440' title='bbox 275 2485 366 2505; x_wconf 85' lang='lat' dir='ltr'>semper</span> <span class='ocrx_word' id='word_1_441' title='bbox 376 2486 419 2500; x_wconf 79' lang='lat' dir='ltr'>am.</span> <span class='ocrx_word' id='word_1_442' title='bbox 432 2478 484 2500; x_wconf 93' lang='lat' dir='ltr'>VD.</span> <span class='ocrx_word' id='word_1_443' title='bbox 904 2473 1000 2501; x_wconf 78' lang='lat' dir='ltr'>ponitur</span> <span class='ocrx_word' id='word_1_444' title='bbox 1013 2473 1043 2495; x_wconf 96' lang='lat' dir='ltr'>D.</span> <span class='ocrx_word' id='word_1_445' title='bbox 1106 2473 1137 2495; x_wconf 90' lang='lat' dir='ltr'>In</span> <span class='ocrx_word' id='word_1_446' title='bbox 1151 2479 1220 2499; x_wconf 84' lang='lat' dir='ltr'>marg.</span> <span class='ocrx_word' id='word_1_447' title='bbox 1235 2465 1265 2505; x_wconf 65' lang='grc'><strong><em>5</em></strong></span> <span class='ocrx_word' id='word_1_448' title='bbox 1278 2470 1439 2493; x_wconf 83' lang='lat' dir='ltr'>assimilantur</span> <span class='ocrx_word' id='word_1_449' title='bbox 1454 2459 1483 2505; x_wconf 81' lang='grc' dir='ltr'>φ</span> <span class='ocrx_word' id='word_1_450' title='bbox 1494 2468 1525 2491; x_wconf 85' lang='lat' dir='ltr'>D.</span> 
     </span>
    </p>

    <p class='ocr_par' dir='ltr' id='par_1_24' title="bbox 218 2510 1414 2542">
     <span class='ocr_line' id='line_1_46' title="bbox 218 2510 1414 2542; baseline -0.005 -4"><span class='ocrx_word' id='word_1_451' title='bbox 218 2522 238 2542; x_wconf 92' lang='lat'>7.</span> <span class='ocrx_word' id='word_1_452' title='bbox 256 2520 328 2538; x_wconf 88' lang='lat' dir='ltr'>semet</span> <span class='ocrx_word' id='word_1_453' title='bbox 342 2519 381 2542; x_wconf 80' lang='lat' dir='ltr'>pro</span> <span class='ocrx_word' id='word_1_454' title='bbox 394 2515 445 2537; x_wconf 87' lang='lat' dir='ltr'>sibi.</span> <span class='ocrx_word' id='word_1_455' title='bbox 508 2515 640 2537; x_wconf 85' lang='lat' dir='ltr'>adinuicem</span> <span class='ocrx_word' id='word_1_456' title='bbox 652 2515 680 2537; x_wconf 92' lang='lat' dir='ltr'>V.</span> <span class='ocrx_word' id='word_1_457' title='bbox 743 2514 819 2537; x_wconf 82' lang='lat' dir='ltr'>sicuti.</span> <span class='ocrx_word' id='word_1_458' title='bbox 945 2520 979 2539; x_wconf 89' lang='lat'>27.</span> <span class='ocrx_word' id='word_1_459' title='bbox 997 2516 1098 2539; x_wconf 84' lang='lat' dir='ltr'>equatur</span> <span class='ocrx_word' id='word_1_460' title='bbox 1111 2512 1139 2534; x_wconf 95' lang='lat' dir='ltr'>V.</span> <span class='ocrx_word' id='word_1_461' title='bbox 1202 2518 1314 2534; x_wconf 88' lang='lat' dir='ltr'>numerus</span> <span class='ocrx_word' id='word_1_462' title='bbox 1327 2518 1370 2532; x_wconf 86' lang='lat' dir='ltr'>om.</span> <span class='ocrx_word' id='word_1_463' title='bbox 1386 2510 1414 2532; x_wconf 95' lang='lat' dir='ltr'>V.</span> 
     </span>
    </p>

    <p class='ocr_par' dir='ltr' id='par_1_25' title="bbox 218 2548 1436 2580">
     <span class='ocr_line' id='line_1_47' title="bbox 218 2548 1436 2580; baseline -0.004 -5"><span class='ocrx_word' id='word_1_464' title='bbox 218 2554 238 2575; x_wconf 88' lang='lat'>8.</span> <span class='ocrx_word' id='word_1_465' title='bbox 256 2557 387 2580; x_wconf 87' lang='lat' dir='ltr'>coaequant</span> <span class='ocrx_word' id='word_1_466' title='bbox 400 2554 424 2578; x_wconf 72' lang='grc' dir='ltr'>-Ι-</span> <span class='ocrx_word' id='word_1_467' title='bbox 436 2556 467 2576; x_wconf 84' lang='lat' dir='ltr'>et.</span> <span class='ocrx_word' id='word_1_468' title='bbox 945 2551 979 2572; x_wconf 83' lang='lat'>28.</span> <span class='ocrx_word' id='word_1_469' title='bbox 998 2550 1063 2572; x_wconf 89' lang='lat' dir='ltr'>cuius</span> <span class='ocrx_word' id='word_1_470' title='bbox 1075 2549 1169 2572; x_wconf 87' lang='lat' dir='ltr'>scilicet.</span> <span class='ocrx_word' id='word_1_471' title='bbox 1233 2548 1324 2571; x_wconf 87' lang='lat' dir='ltr'>Eodem</span> <span class='ocrx_word' id='word_1_472' title='bbox 1338 2548 1364 2573; x_wconf 65' lang='grc' dir='ltr'>-ξ-</span> <span class='ocrx_word' id='word_1_473' title='bbox 1374 2554 1436 2575; x_wconf 85' lang='lat' dir='ltr'>ergo.</span> 
     </span>
    </p>

    <p class='ocr_par' dir='ltr' id='par_1_26' title="bbox 217 2581 1582 2617">
     <span class='ocr_line' id='line_1_48' title="bbox 217 2581 1582 2617; baseline -0.007 -3"><span class='ocrx_word' id='word_1_474' title='bbox 217 2598 283 2617; x_wconf 87' lang='lat'>9—10.</span> <span class='ocrx_word' id='word_1_475' title='bbox 301 2594 324 2613; x_wconf 87' lang='lat' dir='ltr'>et</span> <span class='ocrx_word' id='word_1_476' title='bbox 336 2591 426 2613; x_wconf 86' lang='lat' dir='ltr'>radices</span> <span class='ocrx_word' id='word_1_477' title='bbox 437 2597 546 2613; x_wconf 85' lang='lat' dir='ltr'>numeros</span> <span class='ocrx_word' id='word_1_478' title='bbox 558 2593 690 2617; x_wconf 87' lang='lat' dir='ltr'>coaequant</span> <span class='ocrx_word' id='word_1_479' title='bbox 702 2597 745 2612; x_wconf 85' lang='lat' dir='ltr'>om.</span> <span class='ocrx_word' id='word_1_480' title='bbox 758 2589 790 2611; x_wconf 95' lang='lat' dir='ltr'>D.</span> <span class='ocrx_word' id='word_1_481' title='bbox 946 2595 980 2614; x_wconf 82' lang='lat'>29.</span> <span class='ocrx_word' id='word_1_482' title='bbox 998 2587 1068 2609; x_wconf 89' lang='lat' dir='ltr'>modo</span> <span class='ocrx_word' id='word_1_483' title='bbox 1092 2587 1136 2609; x_wconf 87' lang='lat' dir='ltr'>hoc</span> <span class='ocrx_word' id='word_1_484' title='bbox 1162 2586 1209 2614; x_wconf 89' lang='lat' dir='ltr'>(hic</span> <span class='ocrx_word' id='word_1_485' title='bbox 1232 2585 1266 2612; x_wconf 94' lang='lat' dir='ltr'>D)</span> <span class='ocrx_word' id='word_1_486' title='bbox 1291 2581 1334 2608; x_wconf 83' lang='lat' dir='ltr'>est.</span> <span class='ocrx_word' id='word_1_487' title='bbox 1398 2584 1464 2607; x_wconf 83' lang='lat' dir='ltr'>iuxta</span> <span class='ocrx_word' id='word_1_488' title='bbox 1488 2582 1582 2611; x_wconf 84' lang='lat' dir='ltr'>plurali-</span> 
     </span>
    </p>
   </div>
   <div class='ocr_carea' id='block_1_6' title="bbox 220 2625 1038 2650">
    <p class='ocr_par' dir='ltr' id='par_1_27' title="bbox 220 2625 1038 2650">
     <span class='ocr_line' id='line_1_49' title="bbox 220 2625 1038 2650; baseline -0.005 0"><span class='ocrx_word' id='word_1_489' title='bbox 220 2635 253 2650; x_wconf 92' lang='lat'>11.</span> <span class='ocrx_word' id='word_1_490' title='bbox 268 2627 370 2650; x_wconf 78' lang='lat' dir='ltr'>Titulum</span> <span class='ocrx_word' id='word_1_491' title='bbox 381 2635 423 2650; x_wconf 85' lang='lat' dir='ltr'>om.</span> <span class='ocrx_word' id='word_1_492' title='bbox 905 2628 981 2648; x_wconf 83' lang='lat' dir='ltr'>tatem</span> <span class='ocrx_word' id='word_1_493' title='bbox 993 2625 1038 2647; x_wconf 90' lang='lat' dir='ltr'>uel.</span> 
     </span>
    </p>
   </div>
  </div>
 </body>
</html>
