1780 2995
171 273 229 303 130
333 265 488 293 ADDITA
516 266 712 300 QUAEDAM
742 267 819 294 PRO
846 267 1158 295 DECLARATIONE
1185 268 1394 295 ALGEBRAE

143 370 153 385 1
167 366 201 385 12
226 356 365 386 denarios
389 361 420 386 et
443 357 572 387 veniunt
599 359 643 394 16,
668 357 753 387 cuius
777 357 911 387 radicem
934 368 952 394 4
976 357 1055 388 adde
1078 357 1118 388 ad
1141 358 1340 388 medietatem
1364 359 1511 396 radicum,
1536 364 1566 389 et

163 406 314 436 resultant
330 408 357 443 6,
374 416 453 444 quae
468 412 541 436 sunt
557 407 642 437 radix
658 417 775 437 census.
818 408 916 437 Omne
932 408 1036 444 etiam,
1053 408 1136 446 quod
1151 413 1206 438 aut
1222 408 1321 438 maius
1336 413 1382 438 est
1398 419 1459 438 vno
1475 419 1566 439 censu

161 460 217 486 aut
231 456 342 493 minus,
357 456 484 486 reducas
498 457 538 486 ad
552 467 649 487 vnum
664 467 798 494 censum,
813 462 908 496 atque
922 457 1032 487 deinde
1046 468 1171 495 operare
1185 463 1220 487 vt
1235 458 1353 488 dictum
1367 463 1422 488 est.

544 597 690 635 Proponit
705 607 810 626 causas
825 597 916 626 trium
931 597 1184 627 combinationum

138 699 150 720 5
202 688 304 718 Causa
317 688 553 718 combinationis
566 688 685 726 primae
698 692 745 717 est
758 688 833 718 haec
845 698 851 717 :

201 738 246 767 Sit
267 738 455 776 quadratum
474 749 492 768 α
512 739 527 768 b
547 739 631 777 quod
651 748 775 768 censum
795 738 954 776 significet,
975 738 1077 776 sitque
1096 738 1187 768 huius
1207 738 1352 776 quadrati
1372 739 1453 768 latus
1472 738 1566 777 ipsius

161 797 268 818 census
286 788 382 818 radix.
424 789 466 818 Et
484 788 631 827 quoniam
649 788 761 818 ductus
779 788 869 818 Vnius
888 788 991 818 lateris
1009 788 1039 817 in
1058 798 1220 818 numerum
1238 788 1387 825 radicum,
1407 788 1566 826 quantitas

673 891 701 916 A

1027 1197 1054 1223 Β

159 1297 297 1328 radicum
316 1302 511 1337 sumptorum
531 1300 642 1330 existit.
685 1300 865 1338 Applicetur
885 1300 977 1338 igitur
996 1300 1035 1329 ad
1055 1299 1299 1338 vnumquodque
1318 1300 1400 1329 latus
1420 1299 1564 1338 quadrati

159 1352 271 1386 quarta
290 1358 361 1386 pars
381 1349 499 1378 numeri
515 1350 663 1387 radicum,
681 1350 794 1379 scilicet
815 1350 895 1379 duae
914 1350 1031 1379 radices
1051 1350 1140 1379 lateri
1160 1350 1222 1386 vni,
1240 1354 1270 1378 et
1291 1349 1372 1378 duae
1391 1349 1452 1386 alii,
1469 1354 1499 1378 et
1519 1350 1564 1379 ita

122 1412 148 1427 10
159 1397 310 1435 deinceps.
354 1399 498 1428 Resultat
518 1404 623 1428 autem
643 1399 686 1429 sic
705 1400 893 1437 quadratum
913 1399 1007 1436 aliud,
1027 1404 1150 1437 praeter
1169 1403 1303 1437 quatuor
1323 1399 1386 1428 eius
1406 1399 1563 1436 angularia

159 1448 322 1486 quadrata,
340 1458 472 1487 quorum
489 1449 677 1487 singulorum
695 1449 938 1487 vnumquodque
955 1449 1036 1478 latus
1054 1449 1126 1486 duo,
1143 1449 1202 1478 hoc
1219 1454 1264 1478 est
1282 1454 1426 1487 quartam
1442 1454 1563 1487 partem

158 1497 277 1526 numeri
291 1498 439 1534 radicum,
453 1499 633 1528 continebit.
668 1500 714 1528 Ex
728 1499 824 1528 ductu
838 1499 932 1536 igitur
946 1503 1076 1537 quartae
1090 1498 1187 1536 partis
1202 1498 1320 1528 numeri
1335 1499 1473 1528 radicum
1487 1499 1518 1528 in
1533 1509 1564 1528 se

158 1552 277 1585 quater,
299 1548 495 1578 resultabunt
520 1549 571 1578 illa
598 1553 731 1587 quatuor
756 1559 854 1587 parua
879 1549 1038 1587 angularia
1059 1548 1222 1587 quadrata,
1244 1553 1339 1586 atque
1360 1548 1435 1578 haec
1456 1548 1562 1578 eadem

156 2243 307 2272 resultant
329 2252 365 2272 ex
387 2241 644 2279 multiplicatione
665 2240 840 2271 medietatis
862 2241 981 2271 numeri
1003 2241 1141 2271 radicum
1164 2242 1194 2272 in
1217 2252 1248 2272 se
1270 2242 1371 2272 semel.
1415 2243 1444 2273 Si
1467 2243 1559 2281 igitur

120 2309 142 2327 ις
156 2292 342 2330 productum
357 2302 391 2321 ex
406 2291 572 2321 medietate
586 2291 704 2320 numeri
718 2291 855 2320 radicum
869 2291 900 2320 in
914 2302 945 2321 se
959 2292 1174 2330 multiplicata,
1189 2292 1323 2322 addatur
1337 2292 1376 2322 ad
1391 2303 1514 2323 censum
1528 2298 1558 2322 et

156 2342 195 2371 ad
217 2342 342 2379 radices,
365 2342 553 2380 quadratum
574 2341 660 2371 cuius
681 2341 770 2370 vnius
791 2341 893 2371 lateris
915 2342 1074 2380 quantitas
1095 2342 1231 2380 aequalis
1252 2347 1298 2372 est
1318 2342 1415 2372 lineae
1435 2353 1450 2372 c
1469 2343 1488 2372 d
1509 2343 1558 2372 de-

155 2393 313 2421 scribetur.
358 2392 426 2421 Hoc
445 2396 550 2421 autem
570 2392 651 2421 latus
671 2391 788 2420 excedit
808 2391 889 2421 latus
909 2401 1015 2421 census
1035 2392 1066 2421 in
1086 2392 1253 2422 medietate
1272 2393 1390 2422 numeri
1409 2392 1558 2429 radicum,

155 2443 227 2480 quia
243 2452 297 2480 per
313 2447 457 2480 quartam
474 2446 594 2479 partem
610 2441 640 2471 in
657 2452 718 2471 vno
735 2446 879 2478 extremo,
896 2446 926 2471 et
942 2452 996 2479 per
1012 2447 1156 2480 quartam
1172 2447 1293 2480 partem
1308 2443 1339 2472 in
1356 2443 1452 2472 altero
1469 2442 1558 2472 huius

156 2503 262 2522 census
279 2493 360 2521 latus
377 2497 506 2521 auctum
523 2496 578 2521 est.
622 2492 696 2521 Ideo
713 2491 872 2521 subtracta
889 2491 1056 2521 medietate
1072 2492 1190 2521 numeri
1207 2492 1345 2522 radicum
1361 2502 1380 2522 a
1397 2497 1464 2522 tota
1480 2492 1558 2522 linea

117 2557 143 2572 20
154 2553 168 2572 c
182 2543 201 2572 d
215 2542 352 2572 manebit
370 2542 530 2580 quantitas
544 2541 655 2571 radicis
670 2551 776 2570 census
791 2551 870 2579 quae
885 2541 1098 2579 quaerebatur.

195 2592 252 2621 Illa
266 2592 412 2630 probatio
426 2591 565 2629 procedit
581 2601 618 2620 ex
632 2591 841 2629 propositione
856 2595 967 2629 quarta
982 2591 1106 2620 secundi
1122 2592 1266 2621 Euclidis.
