1780 2995
266 251 306 292 76
599 253 722 281 LIBER
750 253 960 280 ALGEBRAE
988 253 1039 280 ET
1065 253 1333 282 ALMUCABOLA

240 345 457 375 xsubstantiae
485 344 574 375 simul
609 345 703 375 etiam
732 344 881 374 medietas
909 344 1057 381 radicum,
1086 354 1166 383 quae
1193 355 1263 375 cum
1292 345 1467 375 substantia
1496 351 1579 383 sunt,
1599 357 1668 385 pro-

262 395 438 431 nunciatur,
464 395 636 425 adiectione
666 394 756 425 simul
779 399 810 424 et
835 394 1041 424 diminutione
1063 394 1200 424 abiectis.

1244 395 1398 433 Quicquid
1421 395 1514 433 igitur
1536 396 1668 427 duarum

262 445 519 482 substantiarum,
546 450 601 475 aut
633 445 712 483 plus,
739 449 794 474 aut
827 444 928 474 minus
956 444 1133 474 substantia
1159 444 1354 483 propositum
1381 445 1484 482 fuerit,
1511 446 1551 475 ad
1574 456 1669 477 vnam

262 500 424 525 conuertas
445 495 664 531 substantiam,
686 494 765 524 sicut
785 494 815 523 in
836 494 936 532 primo
956 494 1057 532 capite
1076 494 1293 532 praediximus.

237 559 248 579 5
300 546 345 575 De
360 546 508 575 radicibus
524 549 549 574 et
566 545 695 573 numeris
712 544 907 573 substantiam
923 544 1158 581 coaequantibus.

300 597 336 625 In
353 596 410 625 hoc
428 595 528 634 capite
545 595 587 624 sic
601 594 795 633 proponitur,

1202 544 1248 574 Ca
1265 543 1343 582 [put]
1360 545 1414 574 VI.

299 646 374 675 Tres
389 646 505 675 radices
519 650 551 675 et
566 649 700 683 quatuor
715 654 749 673 ex
764 643 898 673 numeris
913 648 1124 681 coaequantur
1139 644 1342 674 substantiae.

299 696 348 725 Ad
371 695 428 725 hoc
451 694 701 732 inuestigandum
726 693 796 722 talis
818 693 911 722 datur
935 693 1047 730 regula,
1071 693 1155 731 quod
1178 693 1291 723 scilicet
1316 694 1433 724 radices
1454 705 1509 733 per
1531 695 1668 726 medium

260 745 381 774 diuidas
396 750 427 774 et
442 745 527 774 venit
544 754 640 773 vnum
656 748 686 773 et
702 742 828 772 alterius
844 743 1003 779 medietas,
1019 743 1077 772 hoc
1092 742 1202 772 deinde
1218 753 1288 772 cum
1304 744 1410 782 seipsis
1425 745 1620 783 multiplices,
1637 751 1668 776 et

223 811 249 826 10
260 795 474 833 producuntur
486 805 499 824 2
517 793 581 831 1s4,
592 795 638 824 hi÷
649 805 667 831 4
677 805 712 824 ex
722 795 856 824 numeris
867 794 1002 829 adiicias,
1015 799 1045 823 et
1056 794 1185 823 veniunt
1199 794 1216 822 6
1233 790 1295 829 1s4,
1310 794 1400 824 huius
1412 800 1521 833 postea
1534 796 1667 826 radicem

259 845 445 882 quadratam
462 845 603 883 accipias,
627 845 685 874 hoc
704 849 752 874 est
775 855 788 873 2
806 843 870 881 1s2.

912 844 1016 883 Atque
1034 854 1102 874 eam
1124 845 1251 874 tandem
1271 845 1433 874 medietati
1449 845 1597 881 radicum,
1614 846 1666 875 vni

258 895 370 924 scilicet
394 899 424 924 et
448 895 585 931 dimidio,
603 895 736 931 adiicias,
754 899 785 924 et
800 895 929 924 veniunt
951 904 979 931 4,
1001 904 1081 932 quae
1099 904 1194 924 vnam
1218 894 1410 924 substantiae
1431 895 1566 925 radicem
1585 905 1666 925 com-

258 949 389 983 ponunt,
410 955 504 982 quam
525 945 635 974 deinde
655 944 864 974 substantiam
885 954 1030 973 numerus
1054 946 1087 973 16
1108 944 1268 983 adimplet.

1311 945 1465 983 Quicquid
1485 945 1579 983 igitur
1598 946 1667 984 plus

259 995 322 1024 siue
340 995 441 1024 minus
459 994 635 1024 substantia
659 994 716 1024 tibi
738 994 933 1033 propositum
957 994 1059 1030 fuerit,
1078 994 1118 1023 ad
1141 1005 1236 1024 vnam
1260 1000 1422 1024 conuertas
1446 995 1666 1025 substantiam.

221 1058 246 1078 15
260 1045 305 1073 Ex
325 1045 372 1073 his
392 1045 485 1081 igitur
506 1045 615 1080 modis,
637 1045 674 1074 de
695 1045 807 1082 quibus
828 1044 858 1073 in
879 1044 1030 1082 principio
1051 1044 1120 1073 libri
1141 1044 1329 1074 mentionem
1351 1045 1489 1081 fecimus,
1511 1050 1583 1074 sunt
1605 1050 1666 1075 tres

257 1095 381 1132 priores,
400 1094 430 1123 in
448 1094 560 1132 quibus
577 1094 694 1124 radices
710 1105 771 1123 non
789 1094 975 1130 mediantur,
991 1094 1022 1123 in
1040 1094 1139 1123 tribus
1151 1104 1223 1124 vero
1239 1095 1460 1133 posterioribus
1472 1095 1521 1124 vel
1538 1095 1666 1125 residuis

257 1145 433 1174 mediantur
448 1144 564 1174 radices
578 1149 671 1182 prout
686 1144 824 1183 superius
839 1144 945 1182 liquet.

751 1244 878 1273 DIXIT
906 1243 1174 1273 ALGAURIZIN

297 1311 444 1349 Sexpsunt
463 1311 544 1340 modi
564 1311 601 1340 de
620 1310 742 1349 quibus,
761 1315 915 1349 quantum
933 1311 972 1340 ad
991 1320 1134 1340 numeros
1152 1310 1296 1349 pertinet,
1316 1310 1502 1340 sufficienter
1520 1310 1662 1341 diximus.

218 1374 246 1388 20
257 1361 349 1390 Nunc
363 1361 435 1389 vero
450 1366 583 1399 oportet,
597 1365 631 1390 vt
647 1361 730 1398 quod
744 1371 798 1398 per
812 1370 955 1390 numeros
969 1360 1194 1398 proposuimus,
1211 1370 1245 1389 ex
1260 1360 1445 1398 geometrica
1460 1360 1541 1390 idem
1555 1371 1663 1390 verum

256 1420 320 1440 esse
334 1411 589 1440 demonstremus.

633 1411 749 1440 Nostra
764 1410 857 1447 igitur
871 1410 971 1448 prima
984 1410 1155 1448 propositio
1170 1410 1240 1440 talis
1255 1415 1311 1446 est,

295 1460 476 1490 Substantia
491 1465 521 1490 et
539 1471 574 1489 10
589 1460 705 1490 radices
720 1471 757 1498 39
772 1465 983 1498 coaequantur
998 1460 1163 1490 drachmis.

294 1510 395 1540 Huius
428 1510 571 1548 probatio
599 1515 655 1546 est,
684 1515 718 1539 vt
749 1510 939 1548 quadratum
966 1510 1052 1540 cuius
1089 1511 1186 1539 latera
1218 1510 1409 1547 ignorantur,
1441 1520 1661 1548 proponamus.

253 1561 321 1590 Hoc
338 1565 442 1590 autern
454 1560 642 1598 quadratum
659 1560 742 1598 quod
758 1560 823 1589 loco
840 1560 1033 1589 substantiae
1048 1559 1202 1598 ponimus,
1213 1565 1243 1589 et
1255 1560 1318 1589 eius
1334 1559 1469 1589 radicem
1485 1560 1560 1589 scire
1575 1560 1662 1590 volu-

217 1624 242 1643 25
255 1621 323 1640 mus
341 1615 436 1648 atque
452 1610 619 1648 designare.

253 1660 390 1690 ostendit
406 1660 550 1690 radicem.

294 1747 313 1762 1.
331 1740 412 1762 similis
433 1740 476 1762 erit
501 1740 630 1762 medietati.
699 1744 754 1762 sunt
767 1748 810 1762 om.

252 1777 394 1800 nunciantur
404 1778 431 1799 V.

291 1822 310 1838 2.
328 1814 457 1841 Quidquid.

288 1859 309 1878 3.
327 1852 521 1877 substantiarum,
531 1855 571 1874 aut
584 1852 661 1874 minus
673 1851 806 1874 substantia
816 1859 856 1874 seu
870 1852 928 1878 (siue

252 1890 285 1915 D)
299 1889 387 1915 maius;
405 1897 444 1911 seu
456 1893 495 1916 pro
507 1889 556 1912 siue
567 1890 646 1917 ubique
658 1890 686 1912 V.

290 1971 310 1991 5.
329 1965 430 1987 Titulum
443 1972 486 1986 om.
496 1964 524 1986 V.

290 2003 310 2023 6.
329 2002 371 2023 hoc
385 2003 409 2026 -Ι-
421 2005 508 2023 autem.
572 2002 673 2028 primum
685 2002 717 2023 sic
729 2006 900 2028 proponuntur.

584 2047 611 2061 ex
624 2046 720 2061 numero
732 2039 779 2061 uni.

290 2046 310 2065 7.
328 2039 385 2061 Tres
398 2040 421 2064 -4-
434 2042 521 2061 autem.

289 2077 310 2098 8.
329 2077 406 2098 Huius
434 2077 504 2103 igitur
536 2080 574 2103 pro
598 2076 635 2099 Ad
662 2077 705 2099 hoc
730 2076 927 2103 inuestigandum.

251 2118 354 2140 quantus
367 2118 406 2140 pro
419 2114 482 2141 quod
496 2114 589 2136 scilicet.

288 2159 309 2177 9.
327 2155 349 2173 et
373 2151 411 2173 fiet
435 2159 481 2173 una
504 2152 569 2173 radix
588 2155 618 2174 et.
687 2151 758 2178 igitur
777 2155 816 2178 pro
837 2151 927 2174 deinde.

251 2188 414 2215 multiplicata.
428 2189 531 2216 fientque
543 2189 589 2211 duo
603 2193 626 2212 et
640 2191 676 2216 48.
709 2189 759 2211 Hec
777 2189 850 2216 igitur.
865 2190 928 2216 (ergo

250 2226 283 2251 D)
298 2234 366 2252 super
378 2234 391 2253 4
404 2227 491 2248 adicias
503 2231 525 2249 et
539 2231 606 2249 erunt
619 2228 632 2248 6
648 2230 671 2249 et
689 2229 724 2253 48.

290 2270 324 2286 10,
341 2264 354 2285 6
368 2264 404 2285 1l2
417 2263 444 2286 C,
505 2271 559 2290 ergo
571 2271 662 2286 summe
674 2267 713 2290 pro
726 2267 815 2290 postea.

292 2307 301 2322 1
308 2308 325 2322 1.
343 2301 366 2322 id
375 2304 409 2323 est
422 2305 462 2328 pro
475 2301 518 2323 hoc
526 2305 568 2324 est.
624 2301 671 2323 duo
678 2305 701 2323 et
709 2301 812 2323 medium
820 2305 860 2328 pro
869 2309 879 2323 2
888 2300 925 2323 1l2

249 2341 269 2359 et
279 2338 311 2359 sic
323 2339 422 2364 saepius.

290 2382 368 2397 11-12.
387 2383 458 2402 quarn
472 2384 540 2403 super
553 2377 706 2399 medietatem
720 2377 824 2399 radicum
841 2377 928 2400 adicias

250 2412 273 2434 id
287 2416 321 2434 est
335 2420 403 2439 super
416 2421 489 2436 unum
507 2418 529 2436 et
544 2414 640 2437 alterius
656 2415 808 2437 medietatem
825 2414 928 2442 fientque

252 2450 306 2476 (que
317 2458 359 2472 om.
372 2451 404 2475 D)
417 2459 430 2477 4
448 2455 486 2478 pro
498 2451 577 2479 Atque
594 2471 598 2475 .
617 2471 621 2475 .
639 2470 643 2474 .
661 2460 682 2479 4.

289 2494 323 2508 12.
341 2495 402 2514 quae
415 2490 438 2513 -ἱ-
451 2489 537 2512 scilicet
570 2490 600 2512 D.

289 2531 324 2550 13.
344 2526 369 2547 16
379 2533 432 2552 ergo
442 2526 600 2549 substantiam
611 2528 741 2555 adimplent
753 2532 792 2555 pm
801 2535 873 2555 quam
886 2547 890 2551 .
903 2547 908 2551 .
920 2545 925 2550 .

250 2562 371 2588 adimplet.
433 2563 556 2591 Quotquot
569 2565 601 2590 V;
623 2565 744 2592 Quidquid
760 2565 790 2587 D.
851 2565 927 2588 maius

249 2603 288 2626 pro
301 2599 360 2626 plus.

879 1747 931 1767 pro-

663 1610 708 1640 Sit
728 1609 821 1648 igitur
831 1610 1020 1648 quadratum
1036 1620 1052 1639 α
1070 1610 1085 1639 b
1102 1610 1188 1639 cuius
1203 1610 1448 1648 vnumquodque
1468 1610 1550 1639 latus
1567 1620 1661 1640 vnam

592 1660 661 1689 Iam
677 1659 876 1690 manifestum
892 1664 948 1696 est,
962 1659 1119 1698 quoniam,
1133 1660 1258 1698 quando
1274 1660 1400 1698 aliquod
1416 1660 1480 1690 eius
1496 1660 1578 1689 latus
1591 1670 1661 1690 cum

1023 1747 1056 1766 14.
1075 1740 1149 1762 fuerat
1162 1740 1193 1763 D.

1022 1784 1056 1803 15.
1074 1778 1126 1799 Hiis
1143 1778 1197 1803 (His
1212 1778 1245 1803 D)
1264 1786 1317 1805 ergo
1334 1780 1347 1801 6
1364 1778 1440 1801 modis
1455 1778 1497 1805 de;
1514 1778 1558 1800 His
1569 1778 1607 1800 sed
1617 1778 1658 1800 del.

981 1818 1000 1837 e!
1012 1815 1046 1836 Ex
1058 1814 1093 1837 his
1105 1816 1128 1837 in
1141 1823 1211 1842 marg.
1224 1816 1252 1839 C.

1021 1853 1056 1874 16.
1074 1853 1142 1879 primi
1171 1857 1211 1879 pro
1238 1853 1332 1880 priores.

980 1889 1147 1916 posterioribus
1157 1889 1194 1912 vel
1206 1898 1249 1914 om.

1021 1927 1055 1948 18.
1076 1928 1100 1952 -ι-
1112 1928 1182 1949 Nunc
1199 1935 1254 1950 vero
1271 1931 1364 1954 oportet
1377 1927 1440 1954 quod
1460 1935 1556 1950 numero
1575 1935 1659 1954 propo-

981 1964 1070 1986 suimus
1095 1965 1234 1991 geometrice
1262 1965 1324 1987 idem
1348 1973 1430 1987 verum
1457 1972 1505 1987 esse
1532 1965 1658 1992 probemus

981 2005 1032 2023 ante
1042 2001 1107 2024 Dixit
1119 2002 1140 2024 D
1152 2010 1212 2024 man.
1225 2010 1244 2024 2.
1308 2002 1443 2030 alguarizim
1453 2003 1486 2029 V;
1506 2002 1659 2029 alghuarizim

1422 1853 1527 1875 mediant
1564 1853 1597 1875 bis
1629 1853 1660 1875 D.

981 2038 1012 2060 D.

1020 2083 1055 2103 19.
1073 2076 1115 2099 Sex
1130 2078 1154 2102 -4-
1166 2081 1253 2100 autem.
1333 2085 1464 2100 numerum.
1542 2078 1572 2100 In
1589 2085 1658 2104 marg.

980 2113 1018 2136 De
1029 2115 1043 2143 ἦ
1058 2114 1133 2141 prima
1145 2114 1175 2136 D.

1019 2161 1054 2176 20.
1072 2161 1168 2177 numero
1179 2158 1218 2181 pro
1231 2160 1271 2180 per
1280 2160 1396 2175 numeros.
1460 2159 1486 2174 ex
1500 2160 1543 2174 om.
1605 2159 1655 2179 geo-

981 2192 1084 2214 metrice.

1020 2237 1053 2252 21.
1070 2229 1202 2256 probemus.

1018 2273 1054 2288 22.
1071 2275 1085 2293 4
1111 2270 1151 2293 pro
1175 2273 1207 2291 10,
1232 2273 1259 2292 29
1285 2268 1325 2292 pm
1346 2272 1374 2291 39
1395 2265 1428 2291 V;
1463 2272 1507 2286 xxx
1528 2268 1551 2286 et
1572 2271 1657 2286 nouem

980 2303 1010 2326 D.

1018 2348 1054 2368 ²3-
1071 2341 1169 2364 rumbus
1189 2345 1228 2368 pro
1248 2341 1392 2368 quadratum
1414 2340 1501 2366 ubique.
1535 2339 1656 2361 Rumbum

979 2379 1003 2400 in
1016 2382 1059 2400 text
1070 2379 1092 2400 D
1104 2382 1123 2401 et
1136 2378 1246 2401 rumbum
1259 2379 1282 2400 in
1295 2385 1364 2405 marg.
1377 2385 1438 2399 man.
1453 2385 1472 2398 2.

1019 2423 1054 2443 24.
1072 2417 1117 2439 Hic
1136 2417 1206 2443 igitur
1228 2415 1325 2438 rumbus
1347 2414 1506 2437 substantiam
1523 2421 1594 2441 quam
1615 2417 1656 2440 pm

979 2454 1031 2476 Hoc
1044 2473 1048 2476 .
1067 2473 1071 2476 .
1091 2472 1094 2476 .
1106 2454 1222 2481 ponimus.
1286 2453 1352 2475 cuius
1363 2452 1452 2475 radices
1462 2452 1490 2473 V.

1017 2498 1051 2518 25.
1069 2495 1141 2518 atque
1150 2499 1192 2513 om.
1255 2491 1360 2517 designet
1374 2490 1518 2516 (designetur
1526 2489 1569 2515 D).
1631 2491 1655 2510 et

978 2529 1027 2555 ipse
1034 2533 1068 2551 est
1079 2533 1118 2555 pra
1126 2529 1160 2551 Sit
1171 2529 1248 2555 igitur.
1309 2530 1490 2554 unumquotque
1497 2527 1525 2549 V.
1582 2533 1654 2549 vuam

981 2568 1005 2591 -4-
1017 2567 1072 2588 eius.

1016 2604 1050 2626 26.
1069 2603 1185 2626 ostendet.
1249 2603 1346 2624 Etiam.
1410 2601 1506 2629 aliquid.
