1780 2995
230 302 289 330 140
400 294 553 322 ADDITA
580 294 777 329 QUAEDAM
806 294 883 322 PRO
910 294 1220 322 DECLARATIONE
1248 294 1458 322 ALGEBRAE

204 400 213 415 1
266 387 347 416 Item
362 386 480 424 quinto.
523 386 554 416 Si
569 396 639 415 curn
656 396 691 415 10
705 389 827 424 praeter
841 395 904 415 rem
919 385 1011 415 debes
1026 385 1230 423 multiplicare
1247 396 1282 414 10
1297 395 1366 415 cum
1381 395 1421 415 re.

265 435 444 474 Multiplica
467 445 501 464 10
520 445 590 465 curn
612 445 657 472 10,
677 439 708 465 et
726 435 805 465 fiunt
828 445 890 464 100.
934 435 1055 464 Deinde
1073 435 1245 473 multiplica
1264 445 1328 464 rem
1347 445 1417 464 cum
1439 445 1483 472 10,
1503 438 1534 464 et
1553 434 1633 464 fiunt

230 496 264 515 10
282 496 328 515 res
347 485 517 515 addendae.
560 485 666 515 Tertio
684 485 856 523 multiplica
878 495 913 514 10
932 495 1001 515 cum
1019 490 1142 523 praeter
1160 495 1234 521 rem,
1254 489 1284 514 et
1303 485 1383 514 fiunt
1404 495 1439 514 10
1457 495 1503 514 res
1522 485 1632 514 dimin-

226 536 354 565 uendae.
398 536 516 573 Quarto
531 535 703 573 multiplica
718 545 782 564 rem
797 535 950 564 adiectam
966 545 1036 565 cum
1051 545 1082 564 re
1097 535 1261 572 diminuta,
1278 540 1309 564 et
1323 535 1363 564 sit
1379 544 1486 564 census
1500 534 1633 564 diminu-

201 599 213 620 5
227 590 286 615 tus.
330 586 386 615 Est
402 595 472 623 ergo
488 590 591 615 totum
610 596 665 614 100
679 585 767 615 dena.
784 590 906 623 praeter
922 595 1055 614 censum.

265 636 346 665 Item
361 635 456 665 sexto.
501 635 531 665 Si
546 645 615 665 curn
633 646 668 664 10
681 640 804 673 praeter
817 645 881 664 rem
895 635 1021 664 deberes
1035 634 1240 672 multiplicare
1254 645 1327 664 rem.

265 684 444 723 Multiplica
463 695 526 714 rem
546 695 615 714 curn
637 695 682 721 10,
702 690 732 714 et
751 685 831 714 fiunt
853 695 887 714 10
905 694 951 714 res
962 695 968 721 ;
999 684 1109 714 deinde
1127 683 1300 722 multiplica
1318 683 1412 713 etiam
1430 694 1495 713 rem
1514 693 1584 713 cum
1602 693 1634 713 re

226 735 389 772 diminuta,
405 740 436 764 et
451 735 487 764 fit
502 745 610 764 census
624 734 805 764 diminutus.
849 735 905 764 Est
920 734 1013 773 igitur
1029 739 1141 771 totum,
1160 745 1195 763 10
1209 744 1256 764 res
1270 739 1392 772 praeter
1407 744 1540 763 censum.

265 785 346 814 Item
361 784 502 822 septimo.
546 784 577 814 Si
591 794 661 814 cum
679 795 714 813 10
728 789 759 814 et
773 794 804 813 re
819 784 943 813 deberes
957 784 1162 822 multiplicare
1177 794 1240 813 rem
1255 788 1377 822 praeter
1394 794 1438 813 10.

188 849 215 863 10
265 834 443 873 Multiplica
459 845 523 864 rem
539 844 609 864 cum
629 845 673 870 10,
690 839 721 863 et
737 834 816 863 fiunt
835 844 869 863 10
885 844 940 863 res.
984 834 1105 863 Deinde
1120 834 1293 872 multiplica
1308 838 1431 872 praeter
1449 844 1484 863 10
1499 843 1569 863 cum
1588 844 1633 870 το,

226 889 256 914 et
274 885 353 914 fiunt
374 895 427 913 100
445 883 654 913 diminuenda.
697 884 802 913 Tertio
820 884 991 922 multiplica
1008 894 1071 913 rem
1090 894 1159 913 cum
1177 894 1217 920 re,
1236 888 1267 913 et
1285 884 1320 913 fit
1338 893 1445 913 census
1462 883 1632 913 addendus.

225 934 344 972 Quarto
360 934 531 972 multiplica
547 938 669 971 praeter
687 944 721 963 10
737 944 807 963 cum
823 944 864 970 re,
881 938 911 963 et
927 934 1006 963 fiunt
1025 944 1060 962 10
1075 944 1121 963 res
1137 933 1364 963 diminuendae.
1407 934 1464 962 Est
1479 933 1573 971 igitur
1588 937 1634 962 to-

226 989 303 1020 tum,
319 994 428 1013 census
441 988 565 1022 praeter
582 994 637 1012 100
651 983 756 1013 denar.

265 1035 346 1063 Item
370 1034 491 1063 octauo.
536 1033 566 1063 Si
590 1043 660 1063 cum
687 1043 721 1062 10
745 1038 776 1062 et
799 1033 968 1062 medietate
991 1033 1034 1062 rei
1057 1033 1263 1071 multiplicare
1286 1033 1411 1063 deberes
1435 1033 1634 1062 medietatem

188 1097 212 1117 15
226 1083 342 1113 denarii
359 1088 482 1122 praeter
499 1083 636 1121 quinque
653 1093 708 1112 res.

264 1133 443 1171 Multiplica
461 1132 662 1162 medietatem
680 1132 796 1162 denarii
815 1142 885 1162 curn
906 1143 950 1169 10,
970 1137 1000 1162 et
1019 1132 1098 1162 fiunt
1117 1141 1143 1170 5.
1187 1132 1307 1162 Deinde
1325 1132 1496 1170 multiplica
1513 1137 1635 1170 praeter

227 1192 241 1221 5
258 1193 305 1212 res
321 1193 391 1212 cum
408 1193 452 1219 10,
469 1187 499 1212 et
519 1183 597 1212 fiunt
615 1191 651 1220 50
667 1192 713 1211 res
726 1182 950 1212 diminuendas.
993 1182 1099 1211 Tertio
1115 1182 1287 1220 multiplica
1303 1182 1502 1211 medietatem
1519 1182 1635 1211 denarii

225 1243 295 1262 cum
308 1233 477 1262 medietate
489 1233 541 1269 rei,
556 1237 586 1261 et
600 1232 635 1261 fit
648 1237 760 1270 quarta
773 1232 816 1261 rei
829 1232 981 1261 addenda.
1024 1232 1143 1269 Quarto
1156 1232 1328 1270 multiplica
1340 1237 1462 1270 praeter
1476 1241 1491 1270 5
1505 1242 1551 1266 res
1564 1242 1635 1262 curn

225 1283 393 1312 medietate
406 1282 458 1319 rei,
474 1282 557 1320 quod
571 1287 617 1311 est
631 1282 836 1320 multiplicare
849 1282 927 1311 duas
941 1292 987 1311 τες
1001 1286 1032 1311 et
1046 1282 1206 1311 dimidiam
1221 1292 1291 1311 cum
1304 1292 1366 1311 vna
1380 1292 1421 1318 re,
1436 1287 1467 1312 et
1480 1282 1560 1312 fiunt
1573 1282 1635 1311 duo

187 1347 214 1362 20
225 1343 332 1362 census
345 1337 375 1362 et
387 1331 404 1369 ὲ
417 1332 618 1362 diminuendi.
662 1332 718 1361 Est
730 1332 823 1370 igitur
835 1336 947 1368 totum,
962 1341 976 1370 5
989 1331 1106 1361 denarii
1117 1336 1239 1370 praeter
1253 1342 1266 1360 2
1280 1342 1387 1362 census
1399 1337 1430 1362 et
1441 1331 1458 1369 ὲ
1471 1337 1502 1361 et
1513 1337 1635 1370 praeter

225 1393 262 1419 49
278 1392 324 1411 res
339 1387 369 1412 et
384 1380 402 1419 ἓ
418 1382 469 1411 τεί.

264 1433 346 1462 Item
364 1442 456 1461 nono.
500 1432 530 1461 Si
549 1442 620 1461 cum
638 1442 700 1461 vno
719 1431 843 1461 denario
862 1436 984 1469 praeter
1002 1436 1121 1461 sextam
1140 1431 1266 1468 denarii,
1286 1431 1491 1470 multiplicare
1509 1432 1634 1461 deberes

225 1482 385 1511 denarium
399 1487 522 1519 praeter
535 1486 664 1511 sextam.

264 1532 443 1569 Multiplica
460 1531 621 1561 denarium
638 1541 708 1561 cum
725 1531 860 1567 denario,
878 1531 988 1561 deinde
1004 1536 1126 1569 praeter
1142 1536 1261 1560 sextam
1278 1531 1395 1560 denarii
1411 1541 1481 1561 cum
1498 1531 1634 1568 denario,

187 1596 212 1617 25
225 1586 256 1611 et
271 1581 307 1611 fit
322 1581 465 1610 denarius
481 1586 603 1619 praeter
618 1586 737 1611 sextam
753 1581 878 1610 denarii.
921 1581 1027 1610 Tertio
1047 1581 1220 1619 multiplica
1243 1581 1403 1611 denarium
1424 1591 1494 1611 cum
1514 1586 1636 1619 praeter

225 1636 344 1661 sextam
358 1631 485 1667 denarii,
501 1636 532 1660 et
547 1631 583 1660 fit
597 1641 659 1660 vna
673 1636 759 1660 sexta
774 1631 958 1667 minuenda3
984 1636 1112 1660 manent
1126 1641 1197 1669 ergo
1212 1636 1347 1669 quatuor
1361 1636 1474 1660 sextae.
1517 1631 1635 1668 Quarto

225 1681 285 1711 duc
298 1681 347 1710 vel
361 1681 533 1719 multiplica
546 1686 668 1719 praeter
681 1686 800 1710 sextam
815 1691 885 1711 cum
898 1686 1020 1719 praeter
1034 1686 1152 1710 sextam
1166 1681 1293 1717 denarii,
1308 1686 1339 1710 et
1353 1681 1389 1710 fit
1403 1691 1465 1710 vna
1479 1681 1635 1719 trigesima

225 1735 311 1760 sexta
325 1730 478 1760 addenda.
522 1731 579 1760 Est
594 1731 686 1769 igitur
702 1735 804 1760 totum
819 1731 929 1769 viginti
945 1731 1081 1769 quinque
1096 1730 1270 1768 trigesimae
1285 1735 1388 1760 sextae
1403 1731 1493 1760 Vnius
1508 1731 1634 1761 denarii.

264 1781 346 1810 Item
359 1780 487 1810 decimo.
531 1781 561 1810 Si
575 1791 645 1810 cum
661 1791 696 1810 10
709 1786 739 1810 et
752 1791 784 1810 re
797 1781 1002 1819 multiplicare
1015 1780 1141 1810 deberes
1157 1791 1192 1810 10
1205 1785 1236 1810 et
1248 1791 1312 1810 rem
1324 1785 1446 1819 praeter
1461 1791 1506 1810 10.
1548 1781 1636 1811 Idem

186 1845 215 1864 30
226 1835 272 1860 est
286 1840 322 1860 ac
336 1831 360 1859 si
375 1840 445 1860 cum
462 1841 497 1859 10
511 1835 541 1860 et
556 1841 587 1860 re
601 1831 807 1869 multiplicare
821 1831 946 1860 deberes
960 1841 1034 1860 rem.

266 1881 307 1909 Et
322 1884 396 1909 tunc
410 1880 445 1909 fit
460 1885 573 1916 totum,
588 1890 695 1910 census
710 1885 740 1909 et
758 1891 792 1909 10
806 1890 861 1909 res.

481 1964 526 1992 De
541 1963 675 1992 radicum
690 1964 872 2001 duplatione,
888 1964 1059 2001 triplatione
1074 1967 1099 1992 et
1113 1963 1361 2001 quadruplatione

266 2026 451 2056 Notandum
466 2025 549 2064 quod
565 2035 634 2055 cum
649 2035 757 2054 census
771 2025 915 2061 radicem,
931 2025 995 2054 siue
1010 2030 1118 2054 notam
1133 2025 1196 2054 siue
1211 2025 1336 2054 surdam
1351 2025 1479 2063 duplare
1494 2026 1636 2063 volueris,

226 2076 398 2114 multiplica
417 2076 478 2105 duo
497 2085 567 2105 cum
585 2075 715 2111 duobus,
735 2080 766 2104 et
785 2085 854 2104 cum
872 2075 1024 2113 producto
1042 2074 1214 2112 multiplica
1234 2085 1368 2104 censum.
1412 2076 1453 2104 Et
1472 2075 1528 2104 erit
1546 2075 1637 2105 huius

186 2141 215 2161 35
227 2126 370 2164 producti
391 2125 487 2161 radix,
506 2125 601 2163 dupla
622 2125 709 2154 radix
730 2135 837 2154 census
855 2125 1005 2163 propositi
1024 2135 1103 2163 quae
1121 2125 1337 2163 quaerebatur.
1381 2125 1589 2155 Consimiliter
1611 2125 1636 2155 si

228 2176 291 2205 eius
317 2176 443 2213 triplum
468 2175 580 2204 habere
604 2175 746 2211 volueris,
772 2175 943 2212 multiplica
968 2175 1136 2204 ternarium
1167 2184 1236 2204 cum
1267 2175 1410 2204 ternario.
1454 2175 1494 2204 Et
1519 2175 1544 2204 si
1574 2175 1637 2204 eius

228 2225 447 2264 quadruplum,
467 2225 639 2263 multiplica
657 2229 791 2263 quatuor
810 2234 880 2254 cum
899 2229 1042 2262 quatuor,
1063 2229 1093 2253 et
1112 2224 1156 2253 ita
1175 2224 1328 2262 deincepS‚
1348 2229 1379 2253 et
1398 2234 1468 2254 cum
1486 2225 1637 2262 producto

228 2275 400 2313 multiplica
427 2285 551 2304 censum
577 2275 781 2312 propositum,
809 2279 839 2303 et
866 2275 922 2303 erit
948 2274 1092 2312 producti
1119 2274 1214 2311 radix,
1242 2284 1350 2304 census
1375 2275 1526 2313 propositi
1551 2275 1637 2304 radix

229 2325 368 2363 duplata,
386 2325 513 2362 triplata
529 2324 576 2353 vel
593 2324 802 2362 quadruplata
818 2329 849 2353 et
865 2329 942 2353 caet.

190 2417 219 2436 40
647 2407 730 2436 Idem
746 2408 779 2436 in
788 2407 989 2445 fractionibus
1004 2407 1221 2436 obseruandum

270 2474 311 2503 Vt
332 2474 357 2503 si
378 2474 578 2503 medietatem
599 2474 709 2503 radicis
730 2474 842 2503 habere
864 2474 1046 2510 consideras,
1068 2474 1240 2512 multiplica
1261 2473 1461 2503 medietatem
1483 2483 1554 2503 cum
1575 2483 1636 2503 me-

230 2523 357 2559 dietate,
370 2528 399 2552 et
412 2533 482 2553 cum
493 2523 645 2561 producto
656 2523 766 2553 deinde
778 2533 912 2559 censum,
925 2529 955 2553 et
968 2529 1042 2553 tunc
1054 2524 1139 2553 radix
1151 2523 1294 2562 producti
1306 2523 1442 2552 ostendit
1450 2523 1635 2561 quaesitum.

232 2573 376 2603 Similiter
392 2573 415 2602 si
432 2573 556 2602 tertiam
572 2578 693 2611 partem
708 2573 821 2603 habere
836 2573 977 2610 volueris,
994 2573 1166 2611 multiplica
1181 2573 1307 2603 tertiam
1321 2578 1443 2611 partem
1459 2583 1529 2603 cum
1545 2573 1637 2602 tertia

233 2627 330 2660 parte.
374 2623 415 2652 Et
429 2623 473 2652 ita
488 2623 639 2660 deinceps
