1780 2995
222 277 281 304 114
560 267 682 294 LIBER
709 266 919 293 ALGEBRAE
948 266 999 293 ET
1025 265 1293 293 ALMUCABOLA

196 369 206 384 1
218 359 377 395 minorem,
393 358 445 395 sic,
460 362 495 387 vt
510 368 572 387 vna
586 357 745 387 diuisionis
759 356 921 395 particula,
936 367 1015 395 quae
1030 361 1075 386 est
1090 356 1201 393 exiens,
1216 356 1415 385 medietatem
1430 356 1622 386 substantiae

218 409 344 438 maioris
359 408 522 446 compleat.

257 459 337 488 Rem
349 468 420 496 ergo
433 462 463 487 et
477 457 554 487 duas
567 457 729 487 drachmas
743 466 812 486 cum
826 456 992 486 medietate
1005 466 1099 494 quam
1112 455 1270 485 diuisionis
1282 455 1466 493 particulam
1479 455 1621 492 diximus,

217 508 399 546 multiplico,
420 512 451 537 et
470 507 574 537 veniet
594 507 636 536 rei
656 506 804 536 medietas
825 511 855 535 et
875 506 1032 542 drachma,
1052 516 1116 535 rem
1136 515 1318 544 coaequans.
1362 505 1491 543 Propter
1511 505 1622 535 medie-

193 571 204 591 5
218 563 316 588 tatem
328 568 398 595 ergo
410 557 452 587 rei
464 557 609 595 vtrinque
621 556 820 586 medietatem
832 556 874 585 rei
886 556 1006 592 abiicio,
1019 560 1049 585 et
1062 555 1199 585 manebit
1211 555 1358 584 drachma
1370 555 1569 584 medietatem
1580 555 1621 584 rei

217 618 401 646 coaequans.
444 608 534 636 Hanc
556 607 649 645 igitur
671 606 804 644 duplico,
827 611 858 635 et
880 606 1005 635 venient
1027 605 1107 635 duae
1128 605 1302 642 drachmae,
1325 615 1405 643 quae
1426 605 1526 643 ipsam
1547 615 1621 642 rem,

218 658 426 694 constituunt,
442 657 524 686 vnde
541 661 675 695 quatuor
691 656 801 685 deinde
817 656 956 685 alteram.

801 739 940 776 Quaestio
955 742 1035 768 sexto

258 823 472 853 Substantiam
489 827 519 852 et
536 822 599 851 eius
616 822 750 851 radicem
767 821 808 850 sic
826 821 1006 859 multiplico,
1024 825 1059 850 vt
1076 820 1341 858 multiplicationis
1357 820 1543 858 productum
1561 824 1622 850 tres

180 887 207 901 10
218 873 433 903 similitudines
449 872 652 908 substantiae,
668 871 848 909 adimpleat.

258 923 417 961 Expositio
433 926 489 958 est,
505 922 653 960 quoniam
668 921 792 959 quando
807 920 941 950 radicem
957 930 1027 950 cum
1043 920 1135 949 tertia
1150 919 1343 949 substantiae
1358 919 1620 958 multiplicaueris,

218 977 286 1002 tota
308 972 489 1011 producitur
513 971 697 1001 substantia.
740 971 813 1000 Tria
836 970 929 1008 igitur
952 970 1042 999 huius
1066 970 1259 999 substantiae
1282 969 1416 999 radicem
1439 969 1619 1008 adimplent,

217 1027 248 1052 et
263 1033 280 1060 9
295 1022 394 1061 ipsam
408 1021 626 1051 substantiam.

777 1070 915 1107 Quaestio
930 1070 1056 1107 septima

179 1168 205 1188 15
256 1156 331 1184 Tres
354 1154 471 1184 radices
493 1153 687 1183 substantiae
710 1163 780 1182 cum
803 1157 937 1191 quatuor
959 1152 1023 1181 eius
1045 1152 1199 1181 radicibus
1222 1152 1266 1181 ita
1290 1151 1470 1190 multiplico,
1494 1156 1530 1181 vt
1553 1156 1620 1181 tota

218 1204 482 1243 multiplicationis
502 1213 623 1233 summa
642 1203 699 1241 ipsi
719 1202 912 1232 substantiae
931 1206 962 1231 et
982 1201 1188 1240 quadraginta
1207 1206 1341 1240 quatuor
1360 1201 1514 1231 drachmis
1534 1211 1619 1231 coae-

240 1259 338 1284 uetur.

218 1265 238 1293 q
258 1304 417 1342 Expositio
443 1303 513 1333 talis
538 1307 593 1340 est,
619 1307 655 1332 vt
680 1313 750 1332 cum
775 1307 909 1340 quatuor
933 1301 1087 1331 radicibus
1112 1301 1304 1330 substantiae
1330 1306 1390 1330 tres
1416 1301 1479 1330 eius
1504 1301 1620 1330 radices

218 1354 412 1392 multiplices,
435 1358 465 1382 et
487 1353 696 1391 producentur
721 1363 753 1381 12
777 1351 979 1388 substantiae,
1002 1351 1211 1380 substantiam
1232 1361 1326 1380 vnam
1348 1355 1377 1380 et
1399 1361 1438 1387 44
1459 1351 1620 1380 drachmas

476 1403 586 1432 Minue
612 1402 705 1440 igitur
732 1401 940 1431 substantiam
967 1411 1002 1430 ex
1031 1411 1063 1430 12
1092 1401 1262 1430 manebunt
1292 1411 1323 1430 11
1353 1401 1556 1438 substantiae,
1583 1411 1619 1437 44

659 1452 840 1482 Substantia
856 1461 925 1489 ergo
941 1461 1002 1480 vna
1018 1461 1036 1487 4
1051 1455 1174 1489 aequat.

179 1417 206 1431 20
218 1408 433 1442 coaequantes.

220 1454 383 1483 drachmas
399 1457 615 1491 coaequantes.

791 1526 931 1564 Quaestio
948 1530 1052 1555 octaua

257 1603 397 1640 Quatuor
420 1602 613 1631 substantiae
635 1601 752 1631 radices
777 1611 847 1630 cum
870 1600 1006 1639 quinque
1029 1599 1165 1629 eiusdem
1188 1599 1381 1629 substantiae
1403 1600 1556 1629 radicibus
1579 1600 1621 1629 sic

218 1653 398 1691 multiplico,
421 1657 456 1681 vt
478 1656 546 1681 tota
567 1648 832 1689 multiplicationis
854 1661 974 1680 summa
996 1650 1091 1688 ipsius
1112 1649 1305 1679 substantiae
1326 1650 1421 1688 duplo
1442 1654 1473 1679 et
1495 1650 1621 1688 triginta

178 1713 205 1733 25
217 1713 268 1732 sex
283 1702 437 1732 drachmis
453 1706 650 1740 coaequetur.

256 1753 397 1790 Quatuor
418 1751 535 1781 radices
557 1751 750 1780 substantiae
772 1761 842 1780 cum
864 1750 925 1780 suis
948 1749 1084 1788 quinque
1106 1749 1260 1779 radicibus
1282 1749 1462 1788 multiplico,
1484 1750 1621 1788 produco

217 1807 323 1832 autem
340 1802 382 1831 sic
402 1812 438 1831 20
455 1801 656 1837 substantias,
675 1801 751 1830 duas
769 1800 960 1830 substantias
978 1804 1008 1829 et
1027 1802 1063 1837 36
1082 1799 1244 1828 drachmas
1262 1804 1476 1837 coaequantes.
1520 1800 1566 1828 Ex
1586 1810 1620 1828 20

217 1852 310 1890 igitur
321 1851 502 1881 substantiis
514 1851 591 1880 duas
602 1851 792 1880 substantias
804 1850 919 1885 aufero,
932 1854 963 1879 et
975 1849 1145 1878 manebunt
1160 1851 1194 1878 18
1206 1849 1398 1878 substantiae
1410 1851 1446 1886 36
1458 1849 1619 1879 drachmas

218 1906 433 1940 coaequantes.
463 1901 563 1939 Igitur
573 1901 649 1938 36in
663 1902 697 1930 18
705 1900 820 1937 diuido,
830 1905 861 1929 et
872 1904 983 1929 exeunt
993 1909 1106 1937 2‚quae
1116 1899 1216 1937 ipsam
1223 1899 1431 1928 substantiam
1439 1899 1618 1937 adimplent.

264 1970 283 1984 1.
300 1962 332 1984 sic
354 1961 441 1987 diuido,
464 1966 490 1984 ut
512 1969 584 1984 unam
607 1961 727 1983 diuisionis
753 1960 892 1988 particulam

217 1997 334 2024 compleat
346 1997 467 2019 medietas.

262 2042 283 2061 4.
302 2034 349 2056 fiet.
413 2037 555 2061 coequantes
576 2034 607 2056 D.

218 2072 237 2094 C
247 2079 301 2094 corr.
314 2072 338 2093 in
348 2072 365 2093 Ρ
376 2071 403 2094 C.

263 2116 283 2135 5.
301 2109 412 2135 vtrinque
444 2116 487 2131 om.

217 2146 330 2168 drachma
342 2153 384 2168 om.
398 2146 425 2168 V.

263 2185 284 2205 6.
302 2184 360 2205 Hoc.
424 2183 476 2205 dico
507 2186 547 2209 pro
578 2183 681 2205 venient.
745 2190 805 2209 quae
836 2189 891 2208 om.;

217 2221 242 2243 in
260 2228 328 2247 marg.
347 2220 374 2242 C.
437 2227 486 2242 rem
503 2223 524 2245 ÷
535 2220 578 2242 hoc
595 2224 630 2242 est
646 2227 718 2242 vnatn
735 2219 892 2242 substantiam

218 2257 253 2280 vel
268 2265 391 2280 numerum
403 2264 477 2279 vnum
491 2257 518 2280 C.

264 2301 284 2321 7.
301 2299 324 2317 et
337 2295 434 2317 alteram
446 2303 467 2322 4.

263 2340 283 2358 9.
301 2332 324 2353 in
337 2335 375 2358 pro
387 2335 417 2354 et.

265 2377 299 2391 10.
316 2369 463 2391 substantiae
479 2368 555 2394 -†>hoc
577 2372 623 2391 tres
644 2368 789 2391 substantias
810 2375 893 2395 propo-

217 2406 275 2428 sitas
286 2406 313 2428 C.

265 2451 299 2465 11.
318 2443 440 2470 Expositio
458 2446 479 2468 4-
490 2443 565 2465 huius.

218 2480 365 2503 substantiae
377 2481 407 2503 D.

266 2525 300 2540 12.
319 2522 395 2540 totam
408 2518 439 2540 D.

266 2563 300 2582 13.
317 2555 392 2582 ipsam
404 2562 446 2577 om.

265 2599 300 2619 15.
316 2595 339 2614 et
351 2595 390 2619 pro
401 2596 428 2615 vt
439 2592 467 2615 C.

671 2034 731 2056 Cum
753 2033 892 2059 medietate:

550 2108 581 2131 rei
591 2109 599 2123 ²
631 2116 674 2130 om.
707 2108 735 2130 V.
798 2107 891 2134 proicio.

656 2443 814 2466 substantiam
843 2446 893 2465 ante

502 2517 598 2540 oriatur.
661 2517 732 2545 igitur
744 2525 786 2540 om.

992 1962 1025 1982 16.
1043 1960 1093 1986 ipsa
1105 1959 1135 1981 D.

992 1998 1025 2019 18.
1044 1997 1120 2018 Huius
1131 2000 1165 2019 est
1178 1997 1299 2023 expositio,
1311 2000 1337 2018 ut
1349 2004 1363 2023 4
1374 1997 1423 2019 eius
1439 1997 1528 2019 radices
1539 1997 1561 2019 in
1573 1997 1620 2020 suis

945 2034 1020 2056 tribus
1031 2034 1154 2056 radicibus.

991 2079 1025 2093 20.
1046 2079 1070 2093 12
1088 2074 1110 2095 ÷
1120 2075 1151 2093 et.
1217 2071 1364 2093 substantiae
1380 2074 1401 2095 †
1412 2075 1435 2093 et
1447 2071 1475 2093 V.

991 2116 1025 2130 21.
1044 2115 1162 2135 coequans
1196 2108 1224 2130 V.
1288 2108 1451 2131 Substantiam
1485 2109 1518 2135 V;
1561 2109 1618 2132 Sub-

944 2146 1031 2168 stantie
1044 2146 1074 2167 D.
1138 2149 1261 2172 coequant.

991 2190 1025 2209 23.
1043 2183 1099 2205 eius.
1163 2182 1310 2205 substantiae
1321 2190 1363 2205 om.

991 2228 1025 2247 24-
1042 2223 1068 2242 vt
1085 2224 1106 2245 -4-
1117 2224 1147 2242 et.
1210 2220 1253 2247 ipsi
1265 2220 1298 2246 V;
1319 2220 1367 2247 ipse
1379 2220 1410 2242 D.
1471 2220 1544 2247 duplo
1555 2228 1597 2243 om.

991 2264 1025 2284 25.
1043 2257 1111 2279 xxxvi
1125 2257 1242 2279 radicibus
1255 2257 1285 2279 D.

991 2296 1025 2316 26.
1043 2295 1164 2321 Expositio
1176 2299 1218 2320 est,
1232 2298 1257 2316 vt
1270 2298 1371 2321 quatuor
1383 2294 1410 2316 C.
1472 2294 1579 2321 Quatuor
1595 2298 1617 2320 ÷

945 2339 1005 2358 ergo.
1068 2332 1215 2354 substantiae
1241 2339 1284 2354 om.
1347 2331 1477 2359 multiplica
1503 2332 1531 2355 V.
1593 2336 1616 2355 et

945 2373 1012 2391 erunt
1026 2377 1053 2391 20
1064 2369 1202 2392 substantie.

992 2408 1025 2428 28.
1043 2407 1064 2428 xi
1076 2411 1116 2433 pro
1131 2408 1156 2429 18
1168 2410 1187 2429 et
1198 2407 1254 2429 xliiii
1267 2410 1306 2433 pro
1319 2409 1347 2433 36
1359 2407 1389 2429 D.

992 2452 1025 2470 29.
1043 2448 1200 2471 coaequantes
1215 2448 1273 2469 ÷ex
1290 2452 1318 2466 xx
1335 2452 1388 2471 ergo
1405 2444 1542 2467 substantiis
1558 2444 1616 2467 duas

945 2481 1089 2504 substantias
1105 2482 1184 2504 aufero
1200 2485 1223 2504 et
1240 2481 1393 2504 remanebunt
1411 2481 1466 2503 xviii
1483 2481 1616 2504 substantie

945 2518 976 2540 D.
1038 2520 1067 2545 36
1089 2526 1157 2545 super
1181 2518 1245 2544 (sunt
1268 2518 1301 2545 D)
1327 2519 1361 2541 18.
1424 2522 1500 2541 erunt.
1563 2518 1615 2541 sub-

945 2555 1058 2578 stantiam
1069 2563 1111 2578 om.
1124 2555 1155 2578 D.
