1780 2995
228 260 268 290 86
561 260 680 288 LIBER
709 259 918 287 ALGEBRAE
945 260 997 286 ET
1023 259 1291 287 ALMUCABOLA

206 368 215 383 1
227 354 326 392 priore
339 352 516 383 substantia
528 352 595 389 erit,
609 352 681 391 quia
694 352 837 382 videlicet
853 361 943 390 super
955 351 1054 390 ipsam
1075 361 1107 381 21
1128 351 1313 382 addidimus.

1357 352 1399 382 Et
1415 351 1554 382 similiter
1565 351 1632 391 ipsa

228 403 290 433 suis
309 413 344 432 10
358 402 512 432 radicibus
525 402 663 441 aequalis
676 402 739 439 fiet,
754 402 838 440 quod
852 401 1064 431 demonstrare
1077 401 1241 431 voluimus.

268 454 312 482 De
328 453 477 482 radicibus
493 456 518 482 et
534 453 665 482 numeris
680 452 875 481 substantiam
891 451 1126 489 coaequantibus.

267 504 343 532 Tres
356 503 473 532 radices
487 507 518 532 et
531 513 550 539 4
563 512 599 531 ex
612 502 747 531 numeris
761 506 934 539 coaequant
948 501 1167 531 substantiam.

204 570 215 591 5
267 553 464 590 Quadratum
478 552 571 590 igitur
585 552 671 581 cuius
685 552 782 581 latera
796 551 902 589 ignota
916 555 1076 589 ponuntur
1089 561 1239 589 propono,
1254 551 1339 589 quod
1353 551 1393 581 sit
1407 561 1425 581 a
1439 551 1455 581 b
1469 562 1483 581 c
1496 552 1525 588 d,
1540 556 1636 590 atque

227 602 285 632 hoc
302 602 492 641 quadratum
508 602 607 632 tribus
624 601 778 631 radicibus
795 606 825 630 et
842 605 977 639 quatuor
993 610 1029 630 ex
1045 601 1190 637 numeris,
1207 606 1243 630 vt
1259 601 1402 638 diximus,
1420 601 1548 640 aequale
1564 611 1635 630 con-

228 653 334 682 stituo.

378 652 532 690 Quoniam
555 656 661 681 autem
684 650 884 680 manifestum
908 655 964 687 est,
988 650 1072 689 quod
1095 650 1120 680 si
1143 661 1240 680 vnum
1263 651 1345 680 latus
1367 651 1467 681 omnis
1490 651 1636 689 quadrati

228 702 319 731 semel
340 702 371 731 in
391 702 546 731 vnitatem
566 701 716 731 ducamus
735 711 797 730 vna
817 700 904 730 radix
923 700 1060 730 eiusdem
1080 700 1226 738 quadrati
1246 701 1415 730 necessario
1435 705 1581 730 nascatur
1601 710 1637 729 ex

229 752 383 790 quadrato
396 752 490 790 igitur
502 762 520 781 a
533 752 548 781 b
561 762 575 781 c
587 751 606 780 d
618 761 672 789 per
684 750 797 780 lineam
810 751 851 789 ef
861 760 964 780 aream
977 760 995 779 α
1001 751 1023 789 f
1033 760 1212 787 resecemus,
1226 755 1322 788 atque
1335 761 1432 780 vnum
1445 750 1536 780 huius
1548 760 1638 780 areae

193 814 219 829 10
230 804 312 833 latus
334 811 497 831 numerum
522 801 702 838 ternarium,
725 800 757 830 id
779 805 825 830 est
848 810 1011 829 numerum
1034 800 1182 835 radicum,
1206 800 1377 838 significare
1399 800 1636 830 constituamus.

230 851 276 881 Sit
290 856 396 881 autem
410 851 468 881 hoc
482 851 564 880 latus
578 851 658 880 linea
672 861 690 880 a
704 861 727 880 e.

770 850 870 880 Nobis
884 850 977 888 igitur
991 850 1192 879 manifestum
1206 850 1354 888 quoniam
1368 860 1439 880 area
1453 860 1467 879 e
1481 860 1495 879 c
1509 860 1638 879 numero

228 901 437 939 quaternario,
457 911 549 939 quem
569 911 661 938 supra
679 900 797 930 radices
815 900 993 936 adiecimus,
1012 900 1210 938 adimpletur,
1230 899 1323 938 igitur
1342 910 1433 938 super
1450 905 1603 938 punctum
1620 910 1638 938 g

228 951 310 980 latus
325 961 343 980 α
357 961 371 980 e
385 956 447 980 tres
462 951 579 980 radices
594 951 727 988 signans,
742 960 797 988 per
810 950 923 979 lineam
938 949 969 978 in
984 949 1046 979 duo
1060 949 1162 979 media
1177 949 1363 986 diuidamus,
1379 960 1415 979 ex
1429 960 1561 988 quorum
1575 959 1638 979 vno

228 1001 428 1039 quadratum,
442 1001 527 1039 quod
539 1005 586 1030 est
601 1011 617 1039 g
633 1001 649 1030 k
662 1000 672 1029 l
684 1010 698 1029 e
714 999 874 1036 faciamus,
885 1000 1076 1038 quadratum
1086 999 1224 1037 inquam,
1235 1000 1319 1038 quod
1331 1009 1368 1029 ex
1380 999 1638 1038 multiplicatione

192 1067 216 1089 15
229 1051 406 1080 medietatis
418 1051 557 1080 radicum
570 1050 601 1079 in
615 1050 713 1088 seipsa
727 1050 840 1079 ductae
851 1049 1018 1088 perficitur,
1032 1049 1090 1079 hoc
1102 1054 1149 1079 est
1162 1059 1197 1079 ex
1209 1049 1332 1079 vnitate
1344 1053 1375 1079 et
1387 1049 1555 1079 medietate
1567 1059 1637 1079 cum

228 1100 335 1138 seipsis
349 1100 564 1138 multiplicatis
578 1100 769 1138 producitur.

268 1150 389 1180 Deinde
407 1150 520 1179 lineam
539 1150 556 1179 k
574 1160 603 1179 m
622 1160 702 1188 quae
720 1149 759 1179 sit
778 1149 876 1178 lineae
893 1159 907 1178 e
924 1149 944 1178 d
961 1148 1108 1187 aequalis,
1127 1149 1226 1178 lineae
1242 1160 1259 1188 g
1277 1149 1295 1178 k
1313 1149 1504 1186 adiiciamus,
1523 1149 1639 1187 fietque

227 1200 307 1229 linea
320 1211 336 1238 g
349 1210 378 1229 m
392 1200 529 1238 aequalis
542 1200 640 1229 lineae
652 1210 669 1238 g
684 1200 711 1235 d,
728 1204 764 1229 vt
780 1199 980 1238 quadratum,
995 1199 1079 1237 quod
1095 1203 1141 1228 est
1156 1209 1173 1237 g
1188 1209 1214 1235 o,
1228 1199 1299 1228 inde
1315 1203 1470 1228 nascatur.

1513 1199 1555 1228 Et
1575 1198 1638 1228 iam

228 1250 429 1279 manifestum
445 1254 501 1286 est,
518 1249 666 1288 quoniam
682 1249 762 1278 linea
777 1259 795 1278 α
810 1249 829 1278 d
845 1249 982 1287 aequalis
998 1253 1044 1278 est
1060 1249 1158 1278 lineae
1173 1259 1187 1278 e
1196 1249 1223 1288 f,
1240 1249 1293 1278 sed
1308 1260 1325 1287 g
1340 1249 1359 1278 d
1374 1248 1511 1287 aequalis
1527 1253 1573 1278 est
1588 1259 1603 1278 e
1617 1258 1638 1278 n

190 1317 218 1332 20
228 1310 299 1329 cum
315 1300 400 1338 ipsae
414 1300 445 1329 in
460 1300 615 1338 quadrato
633 1310 649 1338 g
664 1310 679 1329 ο
699 1299 871 1329 tenduntur
887 1299 1040 1337 aequales,
1056 1299 1136 1328 linea
1154 1299 1248 1337 igitur
1261 1309 1278 1337 g
1293 1309 1311 1328 a
1326 1298 1424 1328 lineae
1438 1299 1488 1338 ns
1499 1298 1638 1328 manebit

227 1350 374 1388 aequalis.

418 1350 497 1387 Quia
508 1349 582 1379 vero
593 1360 609 1388 g
621 1360 639 1378 α
650 1349 787 1387 aequalis
799 1354 845 1378 est
857 1349 955 1378 lineae
965 1359 982 1387 g
993 1359 1007 1378 e
1018 1359 1089 1378 cum
1100 1349 1185 1387 ipsae
1196 1348 1314 1378 radices
1325 1349 1472 1385 medient,
1484 1348 1516 1378 id
1527 1353 1573 1378 est
1584 1358 1639 1386 per

227 1399 364 1429 medium
375 1399 528 1436 diuidant,
540 1399 620 1428 linea
633 1399 757 1437 insuper
770 1410 787 1437 g
800 1409 815 1428 e
828 1399 926 1428 lineae
935 1399 953 1428 k
963 1399 974 1428 l
983 1399 1130 1437 aequalis,
1142 1409 1215 1428 narn
1228 1398 1313 1436 ipsae
1327 1398 1358 1427 in
1372 1398 1539 1428 latitudine
1549 1408 1638 1428 areae

227 1459 275 1478 em
283 1449 482 1479 continentur
490 1449 647 1487 aequales:
663 1449 743 1478 linea
751 1449 844 1486 igitur
852 1449 869 1478 k
881 1449 891 1478 l
903 1449 1000 1478 lineae
1012 1449 1059 1487 ns
1067 1448 1204 1486 aequalis
1213 1448 1279 1478 erit.
1310 1449 1429 1478 Rursus
1437 1448 1637 1478 manifestum

227 1504 283 1535 est,
299 1499 447 1537 quoniam
462 1499 542 1528 linea
556 1499 575 1528 d
588 1509 605 1537 g
619 1499 756 1537 aequalis
771 1503 817 1528 est
832 1499 929 1528 lineae
943 1509 957 1528 e
972 1509 992 1528 n
1007 1508 1077 1528 cum
1091 1498 1176 1536 ipsae
1190 1498 1221 1527 in
1236 1498 1392 1536 quadrato
1405 1509 1422 1537 g
1436 1509 1452 1528 o
1467 1498 1637 1528 tendantur

189 1566 215 1586 25
226 1549 379 1587 aequales.

267 1636 286 1650 1.
305 1629 350 1651 ista
361 1632 402 1656 pro
413 1629 496 1656 priore.
543 1628 585 1651 erit
595 1636 638 1651 om.
684 1628 780 1655 quando
789 1632 829 1655 pro
839 1628 902 1655 quia.

226 1666 368 1692 addidimus,
386 1666 426 1688 fiet
446 1666 496 1693 ipsa
513 1666 647 1688 substantia
666 1673 693 1688 10
712 1666 760 1688 suis
778 1665 904 1688 consimilis

227 1703 345 1725 radicibus
366 1707 389 1725 et
411 1703 455 1725 hoc
476 1707 511 1725 est
533 1703 623 1730 (tamen
641 1703 674 1729 D)
695 1703 759 1730 quod
780 1703 904 1730 explanare

227 1741 352 1763 voluimus.

267 1785 286 1800 2.
303 1778 364 1800 Add.
397 1778 508 1805 Sequitur
522 1778 591 1800 huius
605 1777 701 1800 alterius
717 1778 791 1804 partis
807 1785 849 1804 pro
864 1777 903 1799 ad-

228 1815 318 1837 ditione
329 1815 402 1842 figura
413 1815 555 1842 geometrica
566 1815 593 1838 C.

265 1860 287 1879 3.
307 1853 408 1875 Titulum
420 1860 463 1875 om.
480 1853 513 1880 V;
532 1853 570 1875 De
581 1852 655 1875 tribus
666 1852 784 1875 radicibus
795 1856 818 1875 et
830 1855 867 1879 4⁰¹·
876 1860 902 1875 ex

228 1897 325 1912 numero
336 1890 367 1912 D.

266 1935 288 1954 4.
306 1928 363 1949 Tres
376 1928 400 1952 -l-
412 1931 500 1950 autern.
563 1935 660 1950 numero
671 1927 703 1949 D.

267 1971 288 1991 5.
306 1968 427 1991 ponuntur
440 1966 464 1990 -†—
476 1964 643 1987 substantiam.
704 1964 733 1986 sit
747 1965 771 1989 -l-
783 1964 880 1986 rumbus
890 1971 903 1986 a

227 2002 249 2025 d,
311 2002 355 2024 Sed
367 2006 389 2024 et
402 2006 481 2024 totum
495 2002 532 2028 (-Ι-
543 2002 614 2024 habet
627 2002 660 2027 D)
674 2005 714 2028 pro
726 2005 797 2029 atque
809 2001 860 2023 hoc.

266 2040 288 2061 6.
306 2047 410 2061 numero.
496 2047 542 2067 que
559 2039 708 2066 prediximus.
789 2038 903 2066 equalem.

229 2077 359 2099 constituto
370 2077 402 2098 D.

265 2120 285 2140 7.
304 2114 334 2136 Et
347 2114 394 2136 iam
406 2117 445 2140 pro
457 2114 575 2140 Quoniam
587 2118 675 2136 autem.

267 2151 288 2173 8.
307 2151 375 2173 simul
402 2151 433 2173 D.
511 2151 646 2173 duxerimus
666 2151 700 2177 V;
731 2151 839 2173 duximus
865 2151 895 2172 D.

229 2189 278 2211 eius
290 2189 318 2210 V.
381 2192 497 2210 nascetur.
561 2189 646 2211 Aream
661 2189 732 2215 igitur
746 2189 808 2215 (ergo
820 2188 853 2214 D)
865 2188 879 2210 h
890 2187 905 2210 d

229 2233 255 2248 ex
267 2233 321 2248 area
332 2233 344 2247 a
356 2226 371 2247 d
386 2233 515 2248 resecemus
533 2226 675 2253 (repetemus
689 2226 711 2247 D
727 2226 765 2248 sed
777 2232 905 2248 resecemus

228 2267 338 2290 superscr.
351 2271 411 2285 man.
427 2264 447 2289 2)
464 2267 486 2285 et
499 2271 572 2285 unum
584 2263 678 2291 aliquod
692 2262 764 2291 (aliud
776 2262 808 2289 D)
826 2266 866 2290 pro
877 2270 905 2285 ex

229 2300 345 2327 quadrato
364 2319 369 2322 .
388 2319 392 2323 .
411 2319 415 2323 .
433 2301 502 2323 huius
513 2308 587 2323 areae.

268 2344 303 2360 10.
321 2338 415 2364 sig-nans
431 2338 610 2360 constituamus.

270 2382 304 2397 11.
322 2375 373 2397 Erit
385 2383 479 2402 quoque
493 2376 546 2402 (que
559 2376 592 2401 D)
608 2375 651 2398 hoc
665 2375 728 2398 latus
739 2375 775 2402 (4-
785 2375 859 2397 simile
870 2375 903 2401 D)

229 2419 240 2433 z
249 2412 271 2434 d.
334 2420 388 2434 area
399 2413 412 2434 Ιι
424 2413 443 2434 b.
504 2415 542 2440 40¹¹
550 2420 576 2435 ex
585 2420 682 2435 numero
690 2420 742 2440 que.

270 2456 303 2471 12.
321 2449 457 2476 adimpleat.
520 2459 531 2473 e
543 2454 582 2477 pro
594 2458 613 2477 g.

271 2494 304 2513 13.
321 2495 332 2509 e
343 2487 356 2509 h
367 2495 379 2513 g
391 2488 424 2513 V;
445 2488 458 2509 h
469 2495 481 2514 g
493 2488 524 2510 D.
592 2495 632 2515 per
644 2487 729 2510 lineam
740 2495 783 2510 om.
853 2487 903 2514 qui-

229 2523 273 2545 bus
285 2528 324 2550 pro
336 2532 436 2551 quorum
447 2532 502 2547 vno.

270 2568 303 2588 14.
321 2569 393 2584 areae
404 2565 463 2588 apro
477 2570 489 2588 g
503 2562 516 2584 k
529 2562 538 2584 l
551 2570 568 2584 e.

229 2601 268 2624 pro
280 2598 423 2625 quadratum
435 2599 538 2626 inquam,
551 2599 622 2626 quod.

632 2562 731 2589 Eritque
744 2561 786 2585 hec
796 2568 850 2584 area
858 2569 904 2589 que

423 1549 482 1579 Sed
498 1549 578 1578 linea
595 1559 611 1587 g
626 1559 640 1578 e
656 1549 793 1587 aequalis
815 1553 861 1578 est
883 1548 981 1578 lineae
997 1549 1036 1578 el
1053 1558 1123 1578 cum
1145 1548 1229 1586 ipsae
1251 1548 1441 1586 quadratum
1457 1559 1473 1586 g
1487 1549 1498 1577 l
1514 1548 1636 1586 aequali

996 1634 1030 1655 15.
1047 1628 1146 1650 ductae:
1169 1628 1270 1650 deducte
1291 1628 1324 1654 V;
1346 1628 1473 1650 deductam
1490 1628 1520 1650 D.
1582 1635 1634 1655 per-

954 1665 1031 1688 ficitur
1042 1673 1085 1689 om.
1155 1664 1207 1687 2bus
1226 1669 1249 1688 et
1268 1666 1331 1692 4⁸V;
1351 1665 1444 1688 duobus
1461 1669 1485 1688 et
1497 1666 1535 1692 4¹²³
1555 1665 1576 1687 D
1591 1669 1631 1692 pro

955 1703 1048 1725 vnitate
1059 1707 1081 1725 et
1095 1703 1230 1725 medietate.

996 1741 1028 1762 16.
1047 1740 1154 1762 deductis
1166 1740 1294 1767 perficitur.

996 1784 1029 1804 17.
1047 1781 1054 1799 t
1065 1778 1073 1800 l
1084 1781 1124 1804 pro
1136 1778 1149 1800 k
1162 1785 1190 1799 m.
1253 1785 1314 1805 quae
1326 1778 1356 1800 sit
1367 1785 1410 1800 om.
1473 1785 1487 1799 a
1498 1777 1512 1800 h
1523 1781 1563 1804 pro
1574 1785 1585 1800 ε
1596 1777 1619 1800 d.

955 1815 1106 1837 consimilem.
1168 1823 1179 1838 e
1190 1818 1198 1837 t
1209 1819 1249 1842 pro
1260 1823 1272 1841 g
1285 1815 1306 1837 k.
1369 1819 1392 1837 et
1404 1815 1500 1842 ffietque
1511 1815 1544 1837 D.

994 1853 1029 1874 18.
1047 1856 1198 1879 aeprogm.
1260 1852 1396 1879 elprogd.
1460 1859 1513 1874 area
1529 1860 1576 1874 em
1592 1856 1634 1879 pra

980 1898 999 1912 o.

955 1897 968 1916 g
996 1926 1192 1954 19.agproad.
1255 1926 1526 1953 hz.sedhe(acD).
1589 1927 1635 1949 hn

956 1968 1043 1991 proen.

992 2008 1027 2023 20.
1045 2001 1157 2028 quoniam
1174 2005 1214 2028 pro
1230 2009 1291 2024 cum.
1355 2001 1438 2023 rumbo
1455 2009 1466 2024 e
1483 2009 1512 2023 m.
1590 2009 1601 2024 ε
1617 2009 1631 2028 g

956 2042 996 2065 pro
1007 2046 1020 2065 g
1032 2046 1053 2060 α.
1116 2046 1131 2061 n
1147 2046 1158 2060 c
1173 2039 1193 2060 V
1200 2047 1206 2065 ;
1231 2046 1242 2060 z
1253 2047 1268 2061 n
1280 2039 1311 2060 D.
1383 2039 1496 2061 remansit
1508 2038 1634 2061 consimilis

954 2080 994 2103 pro
1006 2075 1111 2098 manebit
1122 2075 1234 2103 aequalis,

994 2120 1028 2135 21.
1047 2113 1092 2136 Sed
1104 2116 1127 2135 et
1139 2113 1200 2135 linea
1214 2117 1254 2140 pro
1269 2113 1330 2140 Quia
1341 2113 1404 2135 vero.
1467 2121 1478 2135 e
1494 2121 1507 2140 g
1524 2117 1564 2140 pro
1580 2121 1593 2140 g
1610 2120 1631 2135 a.

956 2151 970 2172 h
981 2159 991 2173 e
1003 2154 1042 2177 pro
1053 2158 1066 2177 g
1077 2158 1095 2173 e.
1156 2151 1220 2172 Nam
1232 2154 1255 2173 et
1268 2154 1307 2177 pro
1320 2158 1380 2173 cum.
1442 2151 1554 2174 mediant.

997 2195 1032 2210 22.
1049 2187 1168 2210 diuidunt⁴
1246 2195 1341 2215 quoque
1348 2188 1361 2209 h
1369 2196 1379 2210 e
1391 2188 1454 2214 (ergo
1461 2188 1474 2210 h
1484 2195 1497 2209 a
1507 2188 1544 2210 sed
1554 2195 1567 2209 a
1577 2195 1633 2210 corr.

956 2233 981 2247 ex
990 2233 1001 2247 ε
1012 2233 1073 2247 man.
1087 2233 1095 2247 1
1109 2225 1142 2251 D)
1156 2225 1238 2248 similis
1248 2229 1283 2248 est
1295 2225 1355 2248 linee
1370 2229 1400 2248 tc
1416 2229 1456 2252 pro
1473 2225 1567 2252 insuper
1579 2243 1584 2247 .
1603 2243 1608 2247 .
1626 2244 1632 2248 .

956 2263 1067 2290 aequalis.

997 2300 1195 2327 23.hlproem.
1272 2300 1413 2327 nzprokl.
1493 2300 1630 2326 ctprons.

956 2338 987 2360 Et
1000 2337 1047 2360 iam
1056 2341 1096 2365 pro
1109 2339 1206 2360 Rursus.

997 2382 1030 2401 24.
1048 2383 1061 2397 α
1073 2375 1086 2397 h
1098 2379 1138 2402 pro
1150 2375 1164 2397 d
1175 2383 1195 2402 g.
1268 2374 1342 2397 lineae
1352 2382 1395 2398 om.
1464 2382 1485 2396 m
1500 2382 1514 2396 n
1528 2378 1569 2401 pro
1584 2382 1594 2396 e
1607 2382 1631 2396 n.

956 2413 1068 2439 quoniam
1080 2413 1104 2434 in
1116 2412 1242 2435 latitudine
1254 2420 1306 2434 aree
1315 2420 1328 2434 α
1338 2420 1348 2434 ε
1357 2415 1521 2439 proponuntur
1528 2415 1568 2438 pm
1577 2418 1631 2434 cum

957 2449 1020 2476 ipsae
1039 2468 1042 2471 .
1062 2468 1066 2471 .
1085 2468 1089 2472 .
1107 2450 1244 2473 tendantur.

994 2493 1029 2513 25.
1049 2487 1093 2510 Sed
1108 2489 1132 2512 -l-
1143 2490 1174 2509 et.
1240 2495 1254 2509 α
1265 2495 1276 2509 e
1287 2490 1326 2514 pro
1337 2494 1350 2513 g
1361 2494 1379 2509 e.
1448 2486 1559 2513 quoniam
1591 2489 1631 2512 pro

955 2531 1016 2546 cum.
1079 2524 1190 2547 rumbum
1205 2532 1216 2547 ε
1231 2531 1254 2547 m
1270 2524 1304 2551 V;
1320 2524 1416 2547 rumbos
1431 2531 1470 2546 eos
1485 2524 1507 2546 D
1521 2527 1560 2551 pro
1573 2530 1630 2550 qua-

954 2561 1049 2584 dratum
1059 2569 1072 2589 g
1080 2569 1101 2585 o.
