1780 2995
184 287 241 316 132
349 278 506 306 ADDITA
534 278 733 312 QUAEDAM
762 277 839 306 PRO
866 276 1176 305 DECLARATIONE
1204 277 1415 305 ALGEBRAE

159 382 169 397 1
807 369 903 398 Aliter
917 369 960 398 sic

219 452 265 482 Sit
276 462 383 482 census
394 452 584 490 quadratum
595 462 612 481 a
624 452 649 489 b,
662 452 747 481 cuius
759 452 811 481 vni
823 452 954 481 laterum
965 451 1136 489 applicetur
1147 451 1296 481 medietas
1307 451 1425 481 numeri
1436 451 1583 489 radicum,

178 507 209 532 et
225 502 312 532 alteri
329 502 392 532 eius
408 502 496 531 lateri
512 502 684 540 applicetur
699 502 848 531 medietas
864 501 982 531 numeri
999 501 1136 531 radicum
1152 501 1258 539 altera7
1275 501 1314 531 sit
1330 506 1435 531 autem
1450 501 1584 539 primum

178 552 320 582 additum
337 563 355 581 α
371 563 394 589 c,
412 552 581 581 secundum
597 562 670 581 vero
687 562 705 581 α
721 552 748 581 d.
792 551 841 581 Ad
856 551 1078 589 perficiendum
1094 551 1186 589 igitur
1202 551 1391 589 quadratum
1407 562 1421 580 c
1436 551 1464 588 d,
1482 551 1584 580 deficit

152 617 165 638 5
178 602 365 641 quadratum
384 602 467 640 quod
485 606 613 631 vocetur
631 602 646 631 b
664 612 687 638 e,
707 602 793 631 cuius
811 602 892 631 latus
911 601 1072 630 medietati
1090 601 1208 630 numeri
1226 601 1365 630 radicum
1383 606 1429 630 est
1447 601 1583 639 aequale.

178 653 269 682 Patet
286 652 379 690 igitur
395 662 487 681 causa
504 651 709 690 operationis;
738 661 810 680 nam
833 662 869 681 ex
886 651 982 680 ductu
1005 651 1181 680 medietatis
1204 651 1322 680 numeri
1340 651 1478 680 radicum
1496 651 1526 680 in
1543 661 1584 687 se,

178 703 306 732 resultat
320 702 509 740 quadratum
523 702 537 731 b
551 712 574 739 e,
589 706 619 731 et
633 701 788 731 residuum
802 706 847 730 est
861 711 968 730 census
982 711 1052 730 cum
1065 700 1192 730 adiectis
1206 701 1368 730 radicibus
1414 700 1502 730 Vnde
1516 711 1584 730 cum

177 752 252 782 illud
268 762 416 790 magnum
433 752 621 790 quadratum
638 756 748 781 notum
764 751 813 787 sit,
827 755 857 780 et
874 751 937 780 eius
950 750 1036 780 radix
1053 755 1136 786 nota,
1150 761 1204 788 per
1220 750 1463 780 subtractionem
1476 750 1586 780 radicis

178 802 322 842 quadrati
336 802 351 831 b
366 813 379 831 e
393 802 411 831 a
426 802 527 831 radice
541 801 687 840 quadrati
702 811 720 830 α
735 811 757 838 e,
773 801 941 830 necessario
955 800 1041 829 rad'ur
1056 810 1163 829 census
1177 800 1324 830 manebit.

140 867 167 882 10
218 854 395 891 Sequuntur
410 852 524 890 figurae
539 851 752 889 geometricae.

483 1107 501 1140 b

290 1384 308 1406 C
974 1384 991 1407 C
1468 1383 1486 1404 6

594 1446 772 1483 Exemplum
787 1446 1014 1475 combinationis
1030 1446 1174 1476 secundae

220 1529 265 1558 Sit
278 1539 384 1558 census
397 1528 586 1567 quadratum
599 1539 615 1557 α
629 1529 644 1558 h
657 1539 671 1557 c
682 1529 710 1565 d,
725 1529 810 1558 cuius
823 1529 910 1558 lateri
923 1530 938 1558 b
951 1540 964 1558 c
977 1530 1139 1567 applicabo
1152 1529 1475 1568 parallelogrammum
1487 1540 1501 1558 c
1513 1529 1528 1558 b
1541 1529 1589 1567 es,

180 1583 211 1608 et
230 1589 345 1616 ponam
365 1579 467 1616 ipsum
490 1587 532 1616 15.
576 1579 692 1608 Totum
712 1579 805 1616 igitur
825 1579 1145 1617 parallelogrammum
1165 1580 1184 1608 d
1204 1590 1221 1608 a
1243 1590 1256 1608 e
1269 1580 1291 1618 s
1308 1584 1353 1608 est
1374 1589 1481 1608 census
1501 1583 1532 1608 et
1555 1588 1588 1616 15

180 1628 305 1665 denarii,
326 1633 357 1658 et
376 1629 514 1658 continet
533 1633 603 1658 octo
622 1628 739 1657 radices
758 1638 874 1658 census.
919 1629 1069 1658 Diuidam
1088 1639 1158 1667 ergo
1177 1629 1289 1658 lineam
1307 1629 1326 1658 d.
1337 1629 1359 1667 s
1373 1629 1541 1667 aequaliter
1559 1629 1589 1658 in

142 1690 166 1711 ις
179 1683 331 1717 punctum
342 1689 359 1716 g
371 1683 401 1708 et
412 1679 526 1716 erigam
539 1689 629 1716 super
641 1679 722 1708 latus
734 1689 750 1716 g
760 1679 779 1707 d
789 1678 977 1717 quadratum
991 1690 1007 1717 g
1022 1680 1039 1709 k
1054 1690 1082 1708 m
1092 1680 1120 1716 d,
1133 1683 1164 1709 et
1174 1679 1355 1717 protraham
1367 1689 1381 1708 c
1391 1680 1406 1708 b
1417 1689 1513 1717 vsque
1527 1679 1567 1708 ad
1580 1678 1590 1708 l

180 1733 211 1758 et
224 1733 359 1766 ponatur
375 1729 463 1757 litera
477 1729 494 1757 lz
509 1729 539 1757 in
556 1729 657 1757 locum
670 1729 724 1757 vbi
737 1738 753 1766 g
770 1729 787 1757 k
801 1733 884 1758 secat
899 1739 916 1758 α
930 1739 944 1758 e
957 1729 1078 1759 lineam.
1122 1730 1163 1758 Et
1178 1729 1325 1767 quoniam
1338 1729 1357 1757 d
1370 1729 1385 1758 b
1399 1733 1445 1758 est
1459 1729 1590 1767 quadra-

183 1783 260 1815 tum,
277 1788 347 1807 cum
363 1778 432 1807 ideo
448 1788 483 1807 ex
499 1783 655 1807 structura
671 1783 701 1807 et
717 1779 927 1816 propositione
942 1784 1027 1808 sexta
1043 1779 1169 1808 secundi
1185 1779 1253 1808 libri
1269 1778 1414 1815 Euclidis,
1430 1779 1445 1807 b
1461 1779 1478 1807 k
1495 1778 1590 1817 quad-

180 1833 284 1857 ratum
297 1828 346 1864 sit,
360 1828 421 1857 duo
433 1828 720 1866 parallelogramma
732 1839 749 1866 g
761 1829 776 1857 l>
789 1833 820 1858 et
833 1829 847 1858 b
862 1839 889 1858 m
901 1829 980 1858 inter
993 1839 1024 1858 se
1036 1829 1177 1867 aequalia
1190 1833 1280 1858 erunt
1292 1839 1297 1865 ;
1322 1839 1392 1858 mox
1405 1828 1524 1865 deinde,
1537 1838 1591 1866 per

182 1888 377 1907 communem
395 1878 553 1916 quandam
571 1878 728 1915 noticiam,
746 1889 762 1916 g
780 1889 796 1907 α
815 1883 845 1908 et
863 1889 876 1908 c
894 1889 922 1908 m
940 1879 1090 1917 aequalia.
1132 1879 1236 1917 Atque
1255 1878 1383 1908 tandem
1401 1888 1470 1907 cum
1487 1888 1503 1915 g
1520 1888 1537 1907 a
1555 1888 1590 1907 ex

143 1940 170 1956 20
181 1928 390 1966 propositione
405 1930 442 1965 36
463 1928 530 1957 libri
551 1928 641 1966 primi
663 1927 829 1965 Eucli[dis]‚
844 1939 861 1966 g
876 1939 889 1958 e
903 1929 1188 1967 parallelogrammo
1203 1929 1330 1966 aequale
1344 1928 1394 1964 sit,
1410 1938 1424 1957 c
1439 1938 1468 1957 m
1483 1928 1589 1957 eodem

182 1978 468 2016 parallelogrammo
484 1988 500 2015 g
517 1988 530 2007 e
547 1978 674 2015 aequale
691 1978 756 2007 erit.
801 1979 973 2008 Subtractis
990 1979 1082 2016 igitur
1099 1978 1284 2016 quindecim,
1302 1978 1359 2007 hoc
1376 1982 1422 2007 est
1437 1987 1590 2015 gnomone

181 2028 192 2057 l
209 2028 228 2056 d
246 2027 264 2056 lz
282 2027 300 2056 a
319 2027 473 2065 quadrato
491 2038 507 2065 g
526 2038 555 2056 m
574 2028 657 2066 quod
676 2033 721 2057 est
740 2028 881 2064 sedecim,
901 2033 1005 2058 manet
1024 2028 1127 2057 vnitas
1146 2028 1335 2066 quadratum
1354 2028 1370 2057 h
1388 2028 1415 2057 k.
1459 2028 1499 2056 Et
1518 2027 1590 2065 quia

182 2083 302 2114 notum,
316 2077 397 2106 latus
411 2077 504 2115 igitur
517 2078 565 2106 vel
579 2077 674 2113 radix,
690 2087 769 2115 quae
782 2083 827 2107 est
842 2078 920 2107 linea
933 2079 944 2107 l
957 2078 982 2115 b,
997 2078 1053 2107 erit
1068 2083 1151 2107 nota.
1195 2077 1253 2107 Sed
1267 2082 1298 2106 et
1312 2082 1380 2106 tota
1392 2078 1403 2106 l
1417 2087 1430 2106 c
1444 2082 1519 2106 nota
1533 2082 1589 2113 est,

182 2131 288 2156 manet
301 2127 403 2164 igitur,
418 2132 488 2165 post
502 2127 745 2156 subtractionem
757 2128 768 2156 I
781 2128 796 2156 b
810 2128 849 2157 ab
862 2128 872 2156 l
886 2138 900 2157 c
913 2128 1001 2164 linea,
1017 2133 1046 2157 et
1061 2128 1076 2156 b
1089 2138 1103 2156 c
1116 2128 1196 2156 linea
1209 2132 1293 2156 nota.
1337 2127 1379 2156 Et
1392 2127 1423 2156 in
1436 2126 1494 2156 hoc
1507 2136 1589 2164 casu,

145 2192 170 2212 25
184 2187 245 2214 quo
261 2181 395 2215 punctus
411 2186 427 2214 g
442 2176 526 2206 cadit
542 2176 572 2205 in
589 2175 909 2214 parallelogrammum
935 2175 1128 2214 applicatum
1147 2175 1261 2211 censui,
1279 2180 1452 2214 sequuntur
1474 2177 1589 2216 figurae

184 2231 395 2264 geometricae.
