1780 2995
231 228 272 258 80
565 227 684 254 LIBER
711 227 920 254 ALGEBRAE
947 227 999 254 ET
1026 227 1293 255 ALMUCABOLA

208 334 217 348 1
231 319 424 358 propositae:
460 318 645 348 nouenarius
673 318 783 348 deinde
806 328 951 347 numerus
980 318 1079 356 ipsam
1107 318 1318 348 substantiam
1347 318 1499 356 exprimit.
1556 319 1638 356 Ergo

231 379 393 398 numerum
415 368 576 398 denarium
599 368 781 404 mediamus,
804 372 834 397 et
857 367 987 397 alteram
1009 367 1073 397 eius
1096 368 1297 397 medietatem
1320 378 1391 397 cum
1413 368 1512 406 seipsa
1534 368 1637 398 multi-

230 419 390 457 plicamus,
413 418 524 448 deinde
552 422 655 447 totum
682 417 948 456 multiplicationis
976 417 1162 455 productum
1189 427 1317 447 numero
1344 428 1381 456 39
1409 418 1579 455 adiicimus,
1602 422 1638 448 vt

231 469 354 498 maioris
373 468 518 507 quadrati
536 468 562 497 G
580 468 612 497 H
631 467 842 497 circunductio
865 467 1065 505 compleatur.
1108 468 1192 497 Nam
1215 467 1279 497 eius
1302 472 1437 506 quatuor
1455 468 1638 505 angulorum

206 527 217 547 5
230 518 396 548 diminutio
420 523 521 548 totam
540 518 631 547 huius
644 517 790 556 quadrati
803 517 1086 547 circunductionem
1105 517 1318 556 imperfectam
1332 517 1491 547 reddebat.
1535 517 1637 547 Mani-

230 569 345 598 festum
360 568 441 598 enim
456 573 512 605 est,
529 569 612 607 quod
627 572 739 606 quarta
754 578 825 606 pars
840 567 940 597 omnis
955 567 1073 597 numeri
1088 577 1158 597 cum
1174 578 1229 596 suo
1244 567 1376 606 aequali,
1392 577 1427 597 ac
1442 567 1553 597 deinde
1568 577 1638 597 cum

230 623 365 657 quatuor
387 618 604 656 multiplicata,
628 617 757 647 eandem
780 617 918 656 perficiat
941 627 1114 654 numerum,
1138 627 1230 656 quem
1253 617 1402 647 medietas
1425 617 1544 646 numeri
1567 627 1637 647 cum

231 668 329 707 seipsa
341 668 558 706 multiplicata,
570 667 699 706 perficit.
743 668 842 705 Igitur
859 667 883 697 si
901 667 1039 696 radicum
1051 667 1200 696 medietas
1212 677 1282 696 cum
1295 667 1393 705 seipsa
1406 667 1637 705 multiplicetur,

231 718 322 748 huius
346 718 612 756 multiplicationis
637 728 768 754 summa,
794 717 1083 755 multiplicationem
1109 722 1238 756 quartae
1262 717 1360 755 partis
1385 727 1455 746 cum
1480 717 1578 755 seipsa
1603 726 1638 746 ac

196 782 221 797 10
231 768 342 798 deinde
356 778 427 798 cum
441 773 576 806 quatuor
590 767 824 805 multiplicatae,
840 767 1025 796 sufficienter
1039 772 1178 803 euacuet,
1194 767 1383 805 adaequabit
1398 767 1446 796 vel
1461 767 1585 796 delebit.

270 818 319 847 Ad
332 818 390 847 hoc
403 818 498 847 etiam
511 817 593 847 idem
603 817 890 853 demonstrandum,
901 817 998 846 altera
1008 816 1101 846 datur
1111 817 1253 853 formula,
1265 827 1344 854 quae
1355 817 1425 846 talis
1436 821 1492 846 est.
1535 816 1638 853 Quad-

231 872 299 897 rato
310 878 328 897 a
338 868 353 897 b
364 867 572 897 substantiam
583 867 774 904 significante
784 867 1007 905 aequalitatem
1017 867 1123 896 decem
1133 866 1271 896 radicum
1282 866 1440 901 addimus;
1456 867 1511 896 has
1521 866 1638 896 radices

231 917 342 947 deinde
363 928 417 956 per
439 917 575 946 medium
597 917 783 953 diuidamus,
807 917 932 946 venient
957 926 982 955 5,
1006 927 1041 946 ex
1064 916 1177 955 quibus
1194 917 1272 946 duas
1290 927 1376 946 areas
1394 917 1434 946 ad
1457 917 1518 946 duo
1541 916 1638 945 latera

232 967 377 1006 quadrati
390 978 407 996 α
421 968 436 996 h
450 967 686 1004 constituamus,
700 967 758 996 hae
771 971 877 996 autem
890 971 1040 996 vocentur
1056 977 1073 995 α
1091 977 1108 1004 g
1127 971 1157 996 et
1176 967 1191 995 b
1209 967 1237 1002 d,
1252 971 1283 996 et
1301 966 1359 995 erit
1377 966 1538 1004 Vtriusque
1554 970 1638 995 vtra-

197 1032 220 1053 15
233 1028 292 1056 que
314 1017 448 1047 latitudo
464 1017 517 1046 vni
540 1017 627 1046 lateri
649 1016 795 1055 quadrati
817 1027 835 1046 α
857 1017 872 1045 b
895 1016 1048 1054 aequalis;
1077 1020 1242 1054 vtramque
1260 1016 1392 1054 denique
1414 1015 1638 1053 longitudinem

232 1077 377 1097 numerus
400 1067 558 1105 quinarius
580 1066 772 1105 adimplebit.
816 1067 960 1104 Superest
983 1066 1055 1103 iam,
1078 1071 1113 1095 vt
1136 1076 1171 1095 ex
1194 1066 1452 1104 multiplicatione
1476 1074 1490 1104 5
1515 1076 1585 1095 cum
1610 1074 1637 1103 5,

231 1127 311 1155 quae
326 1117 526 1147 medietatem
543 1117 681 1146 radicum
697 1127 774 1155 quas
790 1116 830 1146 ad
846 1117 907 1146 duo
924 1116 1020 1145 latera
1036 1116 1181 1154 quadrati
1196 1115 1305 1154 prioris
1322 1115 1530 1145 substantiam
1547 1115 1638 1153 signi-

232 1167 363 1203 ficantis,
379 1167 565 1204 addidimus,
582 1167 771 1205 quadratum
787 1166 946 1196 faciamus.
988 1166 1077 1195 Vnde
1092 1166 1154 1195 iam
1170 1166 1369 1195 manifestum
1385 1170 1441 1201 est,
1458 1165 1542 1203 quod
1558 1165 1638 1194 duae

232 1227 330 1253 areae,
346 1227 425 1255 quae
440 1227 532 1255 supra
547 1217 609 1246 duo
624 1217 720 1246 latera
734 1221 903 1254 ponuntur⁷
919 1220 949 1245 et
964 1226 1044 1254 quae
1061 1226 1096 1244 10
1111 1215 1227 1245 radices
1242 1215 1435 1245 substantiae
1450 1215 1637 1253 significant,

196 1283 223 1297 ρο
233 1267 323 1296 simul
353 1277 423 1296 cum
449 1266 603 1305 quadrato
628 1266 731 1305 priori,
758 1266 842 1304 quod
871 1270 917 1295 est
944 1266 1129 1302 substantia,
1157 1276 1193 1303 39
1220 1276 1255 1295 ex
1281 1275 1409 1295 numero
1435 1265 1637 1304 adimpleant.

234 1316 439 1346 Manifestum
458 1316 563 1352 etiam,
583 1316 666 1354 quod
689 1326 760 1345 area
776 1316 899 1345 maioris
922 1326 975 1345 seu
998 1315 1094 1345 totius
1111 1315 1256 1354 quadrati
1274 1325 1328 1354 per
1347 1315 1638 1353 multiplicationem

234 1375 248 1405 5
274 1377 344 1396 cum
369 1375 383 1405 5
407 1366 592 1405 perficiatur.
636 1367 704 1395 Hoc
726 1376 797 1404 ergo
820 1365 1008 1404 quadratum
1029 1365 1214 1404 perficiatur,
1238 1370 1333 1404 atque
1355 1365 1395 1394 ad
1418 1365 1639 1403 perfectionem

232 1417 296 1446 eius
306 1427 451 1446 numerus
465 1427 477 1445 2
484 1425 498 1454 5
511 1417 550 1446 ad
561 1416 662 1454 priora
671 1426 707 1454 39
717 1415 897 1445 adiiciatur:
920 1420 988 1445 tota
1001 1415 1093 1453 igitur
1104 1415 1178 1444 haec
1186 1425 1306 1445 summa
1318 1425 1415 1453 vsque
1428 1415 1468 1445 ad
1480 1417 1517 1451 64
1525 1425 1639 1445 excres-

233 1471 291 1496 cet.
336 1468 428 1496 Nunc
441 1476 579 1496 summae
594 1466 684 1495 huius
700 1465 833 1495 radicem
844 1465 1041 1503 quadratam,
1052 1475 1131 1503 quae
1143 1475 1240 1494 vnum
1256 1465 1337 1495 latus
1353 1465 1498 1503 quadrati
1514 1465 1638 1495 maioris

197 1529 222 1549 25
234 1516 385 1554 designat,
398 1516 594 1554 accipiamus,
607 1521 702 1554 atque
718 1516 788 1544 inde
804 1515 1025 1553 aequalitatem
1046 1515 1110 1544 eius
1131 1515 1214 1553 quod
1230 1515 1256 1544 ei
1272 1514 1458 1551 addidimus,
1475 1515 1532 1544 hoc
1548 1520 1593 1544 est
1612 1524 1637 1553 5,

274 1639 293 1653 1.
311 1631 431 1658 proposito
448 1630 564 1655 obtinent.
585 1637 656 1657 quam
673 1629 781 1651 videlicet
801 1629 909 1651 substan-

234 1669 292 1691 tiam
302 1668 442 1690 nouenarius
450 1667 562 1694 adimplet
575 1675 685 1689 numerus
698 1667 734 1694 Η-
745 1667 763 1689 si
772 1667 794 1688 D
806 1674 867 1689 man.
878 1667 909 1692 2).

234 1707 317 1733 Igitur.

274 1751 293 1765 2.
311 1750 383 1765 unam
391 1747 431 1769 pro
439 1742 537 1764 alteram
545 1742 600 1764 eius.
656 1742 679 1763 in
687 1742 794 1768 seipsam.
853 1741 910 1763 mul-

235 1781 394 1808 tiplicauimus
406 1781 438 1805 V;
460 1779 694 1806 multiplicauerimus
707 1779 737 1801 D.

273 1827 294 1846 3.
312 1822 334 1840 et
365 1822 404 1845 pro
434 1817 525 1839 deinde.
600 1820 677 1839 totam
707 1816 911 1843 multiplicationis

235 1863 352 1878 summam
368 1862 437 1882 super
456 1855 519 1881 (sunt
537 1854 569 1880 D)
588 1862 616 1881 ,39
629 1854 777 1880 addidimus;
794 1860 910 1875 summam

234 1901 263 1921 39
274 1894 293 1916 C
305 1893 342 1915 scd
353 1892 394 1916 del.

273 1939 294 1958 4.
313 1930 475 1957 compleretur.
538 1929 602 1951 Nam
630 1930 654 1954 4-
666 1932 696 1951 et.

271 1970 292 1990 6.
309 1975 380 1995 quam
399 1971 438 1994 pro
458 1966 521 1994 quod
539 1967 640 1993 saepius.
702 1965 814 1988 consimili
831 1966 909 1990 ducta,

235 2005 319 2028 deinde
331 2005 353 2027 in
365 2013 378 2032 4
390 2005 422 2031 V;
441 2003 577 2026 consimilia
587 2012 598 2025 e
608 2003 705 2025 ductum
716 2004 738 2025 in
749 2006 786 2030 4⁰¹·
798 2003 828 2024 D.

274 2049 295 2070 7.
313 2042 413 2065 eundem
430 2041 541 2068 perficiet.
605 2048 674 2068 quem
689 2043 710 2065 -ἱ-
726 2041 743 2062 si
763 2041 796 2067 V;
816 2043 837 2065 4-
853 2044 876 2062 et
893 2040 911 2062 si

236 2081 266 2102 D.
328 2079 443 2101 medietas
456 2080 479 2104 -4-
491 2086 564 2100 unum
576 2078 607 2100 D.
669 2078 759 2100 numeri
771 2085 813 2099 om.

272 2118 293 2139 8.
311 2117 381 2139 semel
403 2117 527 2138 duceretur
549 2119 589 2143 pro
609 2115 780 2142 multiplicata;
803 2114 873 2137 semel
891 2115 910 2137 C

235 2155 272 2177 sed
284 2155 326 2177 del.
387 2154 515 2181 perficeret.
577 2153 595 2175 si
610 2161 652 2174 om.
668 2153 698 2174 D.
761 2152 874 2174 medietas
886 2153 909 2177 -1-

236 2192 313 2214 semel.
388 2191 488 2213 ducatur
504 2194 543 2217 pm
561 2189 743 2216 multiplicetur;
771 2189 855 2211 ducere
871 2193 910 2216 pro

236 2229 391 2256 multiplicare
402 2229 502 2255 saepius.

276 2274 310 2289 10.
329 2267 351 2288 iii
364 2267 393 2293 D,
406 2266 444 2288 sed
455 2274 468 2292 4
479 2269 589 2292 superscr.
603 2272 663 2287 man.
678 2272 697 2286 2.

236 2304 273 2326 vel
285 2304 370 2326 delebit
383 2311 425 2325 om.

276 2349 310 2364 11.
329 2340 552 2363 demonstrandum:
580 2339 781 2366 comprobandum
800 2339 833 2365 V;
860 2346 912 2366 pro-

237 2379 341 2401 bandum
358 2379 389 2400 D.
453 2378 486 2400 Sit
506 2378 561 2404 (que
577 2381 611 2399 est
626 2377 659 2403 D)
672 2385 685 2399 α
702 2377 713 2398 11
732 2377 807 2403 ipsam
819 2376 912 2403 signans

237 2416 395 2439 substantiam
412 2416 446 2442 (4-
458 2415 488 2437 ad
503 2415 535 2440 D)
554 2415 619 2437 cuius
635 2414 813 2436 similitudinem
831 2421 858 2436 10
872 2417 912 2441 pra

238 2461 298 2481 quae
309 2453 363 2476 talis
375 2456 409 2475 est
427 2470 432 2475 .
451 2470 455 2474 .
475 2470 479 2474 .
496 2452 583 2474 decem.

275 2498 309 2513 12.
328 2491 423 2513 radices.
487 2497 513 2512 10
529 2497 582 2517 ergo
600 2490 681 2517 (igitur
700 2490 733 2516 D)
752 2493 792 2516 pro
808 2489 857 2511 has.

276 2536 310 2555 13.
328 2528 411 2550 deinde
419 2535 461 2549 om.
521 2531 543 2550 et
553 2528 607 2550 fient
617 2531 656 2554 pro
664 2527 767 2550 venient.
827 2526 913 2554 quibus

239 2566 264 2591 4-
276 2565 388 2587 similiter.
450 2572 519 2592 super
535 2568 575 2591 pro
591 2564 628 2587 ad.

768 2264 911 2291 adaequabit

1002 1630 1081 1656 14—16.
1099 1629 1236 1655 constituas,
1249 1629 1402 1655 proponimus
1416 1632 1439 1651 et
1455 1629 1503 1655 ipse
1518 1632 1573 1651 sunt
1588 1636 1640 1651 aree

963 1666 974 1688 b
990 1666 1004 1688 d
1020 1670 1043 1688 et
1060 1667 1072 1688 b
1088 1674 1100 1693 g
1117 1666 1149 1692 (et
1162 1666 1173 1688 b
1184 1674 1196 1692 g
1208 1666 1259 1688 add.
1272 1666 1296 1688 in
1314 1674 1382 1692 marg.
1416 1666 1437 1687 D
1450 1673 1510 1688 man.
1525 1666 1554 1691 2).
1567 1673 1639 1693 quare

963 1704 1031 1725 simul
1042 1703 1136 1729 (similes
1146 1703 1182 1725 scd
1193 1703 1235 1726 dcl.
1245 1703 1277 1729 D)
1289 1703 1425 1725 latitudines
1436 1703 1594 1729 (latitudinem
1604 1703 1636 1729 D)

962 1741 1002 1762 uni
1019 1740 1084 1762 lateri
1102 1740 1178 1762 rumbi
1194 1748 1207 1762 α
1223 1740 1234 1762 h
1250 1740 1366 1762 habentur
1383 1740 1519 1762 consimiles.
1551 1741 1639 1762 Earum

963 1786 1018 1800 vero
1035 1778 1124 1804 (earum
1141 1778 1204 1799 Nam
1222 1778 1254 1803 D)
1271 1777 1429 1804 longitudines
1443 1778 1564 1804 quinarius
1578 1785 1639 1800 com-

963 1815 1010 1842 plet
1021 1823 1137 1841 numerusy
1147 1815 1187 1842 qui
1200 1815 1350 1837 medietatem
1365 1822 1391 1836 10
1403 1815 1507 1837 radicum
1516 1822 1584 1842 super
1592 1815 1639 1838 duo

963 1853 1035 1875 latera
1047 1853 1123 1875 rumbi
1137 1860 1149 1874 α
1162 1853 1173 1874 b
1186 1853 1331 1874 adiecturum
1344 1852 1464 1879 adimplet.

1003 1891 1037 1912 16.
1055 1891 1139 1912 Restat
1162 1890 1233 1916 igitur
1254 1893 1294 1916 pro
1316 1890 1425 1916 Superest
1448 1890 1501 1912 iam.
1573 1891 1637 1915 vt-l-

964 1928 1081 1950 rumbum.

1002 1971 1035 1991 17.
1053 1965 1172 1987 radicum:
1198 1972 1225 1986 10
1248 1964 1353 1986 radicum
1374 1965 1505 1991 designant.
1571 1972 1640 1992 super

964 2006 1003 2029 pro
1023 2002 1066 2029 ad;
1091 2009 1133 2028 sup
1149 2002 1168 2024 C
1185 2002 1222 2024 scd
1237 2002 1279 2024 dcl.

963 2040 1122 2062 substantiam
1141 2039 1293 2066 significantis
1309 2047 1351 2061 om.

1004 2078 1036 2099 18.
1054 2077 1189 2099 addidimus
1204 2077 1244 2104 qui
1266 2080 1289 2098 et
1311 2076 1470 2098 substantiam
1489 2077 1563 2103 signet
1584 2076 1639 2099 faci-

964 2122 1038 2136 amus.
1102 2115 1132 2136 Et
1144 2114 1198 2136 iam.
1261 2117 1295 2136 est
1310 2122 1352 2136 om.
1364 2114 1392 2136 V.

1002 2159 1035 2173 20.
1055 2152 1136 2178 primo.
1200 2151 1338 2178 adimplent.

1003 2196 1037 2210 21.
1056 2189 1211 2211 Manifestum
1225 2190 1249 2213 ·†-
1261 2193 1303 2210 est.

1355 2002 1423 2029 primi
1440 2002 1476 2028 D,-
1498 2002 1594 2024 extremi
1610 2002 1637 2024 V.

1366 2196 1437 2215 quam
1454 2196 1480 2211 ex
1497 2189 1639 2215 perfectione

964 2234 1015 2248 aree
1037 2230 1077 2253 pro
1094 2226 1157 2253 quod
1174 2234 1233 2248 area.
1298 2233 1338 2248 seu
1354 2226 1427 2248 totius
1437 2233 1480 2248 om.
1543 2233 1569 2248 ex
1581 2226 1639 2248 mul-

964 2264 1116 2290 tiplicatione.

1003 2308 1038 2322 22.
1056 2302 1171 2328 5²-l-que
1194 2301 1226 2326 (et
1247 2300 1280 2327 D)
1294 2304 1348 2322 sunt
1373 2307 1398 2327 25
1421 2300 1533 2324 nondum.
1589 2308 1638 2327 per-

964 2339 1048 2361 ficitur.
1079 2342 1103 2360 et
1112 2342 1153 2365 pro
1163 2342 1241 2365 atque.
1277 2338 1405 2364 perfectam
1414 2341 1454 2364 pro
1463 2337 1637 2364 perfectionem.

1003 2383 1038 2402 23.
1056 2375 1132 2398 rumbi
1144 2376 1239 2397 maioris
1250 2376 1289 2402 qui
1306 2379 1341 2397 est
1358 2375 1455 2397 rumbus
1468 2383 1481 2397 α
1498 2375 1511 2397 h
1525 2382 1594 2402 super
1609 2383 1638 2401 39

964 2414 1080 2436 adiciatur
1088 2417 1128 2440 pro
1137 2413 1187 2435 eius
1209 2431 1213 2435 .
1232 2431 1236 2435 .
1256 2431 1260 2435 .
1282 2413 1413 2435 adiiciatur.
1474 2413 1536 2435 Toto
1544 2420 1597 2440 ergo
1606 2412 1637 2434 D.

964 2458 1037 2478 vsque
1048 2458 1091 2473 om.
1103 2451 1131 2473 V.

1003 2495 1037 2515 24.
1055 2488 1132 2510 Huius
1143 2495 1197 2515 ergo
1209 2495 1306 2510 summe.

1002 2532 1037 2553 25.
1055 2526 1156 2552 accipias
1170 2529 1193 2548 et
1208 2532 1235 2547 ex
1250 2532 1277 2547 ea
1291 2524 1467 2548 similitudinem
1483 2524 1532 2547 eius
1542 2524 1606 2552 quod
1617 2524 1636 2546 ei

965 2562 1075 2585 addidisti
1088 2562 1111 2584 id
1123 2566 1157 2584 est
1169 2568 1189 2589 5.
