1780 2995
198 262 255 300 148
366 263 521 290 ADDITA
549 263 750 297 QUAEDAM
780 262 856 290 PRO
883 261 1193 290 DECLARATIONE
1220 261 1429 289 ALGEBRAE

171 365 180 380 1
194 364 323 391 necesse,
342 354 382 383 ad
401 364 525 383 censum
543 354 697 391 integrum
716 353 852 390 reducas,
872 357 973 382 totum
993 353 1118 389 scilicet,
1136 353 1184 382 vel
1203 352 1332 390 singula,
1351 362 1421 382 cum
1441 362 1475 381 12
1493 352 1596 382 multi-

193 404 346 442 plicando,
364 408 395 433 et
412 404 539 433 venient
559 414 571 433 1
592 414 699 433 census
716 408 747 433 et
767 412 780 441 7
800 413 846 432 res
863 403 1005 441 aequales
1025 412 1080 440 744
1097 402 1239 432 denariis.
1283 403 1340 431 Per
1356 402 1488 440 primam
1505 402 1597 440 igitur

194 454 329 491 regulam
352 453 480 483 dimidia
502 453 629 490 radices,
652 458 683 482 et
706 453 907 482 medietatem
930 463 1000 482 cum
1022 452 1122 490 seipsa
1144 452 1315 490 multiplica
1337 456 1368 481 et
1390 452 1598 490 producentur

196 501 267 539 12};
299 501 411 540 quibus
431 501 545 530 additis
566 501 606 530 ad
629 511 684 538 744
704 501 900 530 resultabunt
923 500 1007 538 756}¹
1050 500 1132 529 Hinc
1153 500 1226 529 elice
1246 500 1380 529 radicem
1401 500 1596 538 quadratam,

169 564 180 583 5
193 551 323 580 veniunt
344 549 409 588 273,
429 555 524 589 atque
542 551 581 580 ab
600 550 646 580 his
665 550 865 580 medietatem
884 550 1023 580 radicum
1041 560 1057 587 3
1078 550 1191 579 scilicet
1210 554 1240 579 et
1260 548 1276 586 ὲ
1296 550 1442 580 subtrahe
1461 555 1492 579 et
1510 550 1597 580 relin-

193 605 331 639 quuntur
351 611 396 637 24,
416 601 576 639 quantitas
595 611 712 630 census.
755 601 841 629 Haec
859 605 964 629 autem
983 600 1124 638 quaestio
1141 599 1182 629 ad
1200 604 1294 638 caput
1312 600 1343 630 in
1362 610 1423 638 quo
1442 610 1549 630 census
1567 605 1598 630 et

193 660 239 680 res
253 660 380 680 numero
394 650 537 688 aequales
551 655 634 687 sunt,
650 650 816 679 reducitur.

766 749 906 787 Quaestio
921 749 1027 787 quinta

233 832 334 862 Diuisi
353 843 388 861 10
404 832 434 862 in
451 832 522 869 duo,
540 836 571 861 et
587 832 791 870 multiplicaui
807 836 974 870 Vtrumque
990 842 1060 861 cum
1077 831 1186 870 seipso,
1203 837 1234 861 et
1250 837 1450 870 aggregatum
1466 833 1598 871 quadra-

156 899 183 913 10
194 887 297 912 torum
311 882 371 912 fuit
388 884 440 920 58:
467 892 546 920 quae
561 882 654 920 igitur
669 886 741 911 sunt
756 882 883 920 partes?

626 931 843 970 Respondetur
857 942 892 961 ex
906 931 1026 969 regula:
1054 940 1068 968 7
1085 935 1115 960 et
1129 941 1156 968 3.

233 982 360 1019 Regula.
404 982 581 1020 Multiplica
606 992 640 1010 10
661 986 783 1019 praeter
804 992 868 1011 rem
890 991 960 1010 cum
981 981 1091 1019 seipsa,
1114 986 1144 1010 et
1166 981 1375 1019 producentur
1399 992 1454 1011 100
1475 982 1544 1012 den.
1567 987 1598 1012 et

194 1042 311 1068 census,
324 1032 458 1069 exceptis
473 1042 508 1060 20
520 1032 610 1061 rebus
621 1042 627 1067 ;
651 1031 761 1061 deinde
773 1031 944 1069 multiplica
957 1041 1020 1060 rem
1033 1041 1103 1060 cum
1116 1031 1225 1069 seipsa,
1238 1036 1268 1060 et
1281 1032 1468 1069 producetur
1481 1042 1597 1062 census.

193 1082 299 1111 Habes
317 1082 410 1119 igitur
430 1092 484 1110 100
503 1081 571 1111 den.
591 1086 622 1111 et
642 1092 657 1110 2
677 1091 794 1117 census,
813 1081 948 1119 exceptis
969 1091 1004 1110 20
1022 1081 1122 1117 rebus,
1141 1091 1220 1118 quae
1238 1082 1341 1111 omnia
1359 1087 1532 1120 aequantur
1552 1084 1596 1120 58.

156 1145 180 1165 15
194 1131 410 1161 Restaurando
429 1131 522 1169 igitur
543 1141 578 1160 20
596 1141 643 1160 res
662 1131 841 1167 diminutas,
861 1136 949 1169 patet
969 1131 1052 1169 quod
1074 1141 1128 1160 100
1147 1131 1263 1160 denarii
1282 1136 1312 1160 et
1334 1142 1348 1160 2
1368 1142 1475 1162 census
1494 1133 1598 1162 valent

195 1183 231 1219 58
247 1181 315 1211 den.
333 1186 363 1210 et
382 1191 417 1210 20
433 1191 489 1217 res,
506 1185 601 1219 atque
616 1181 790 1210 reducendo
806 1181 846 1210 ad
862 1191 958 1210 vnum
975 1191 1109 1217 censum,
1127 1181 1255 1210 veniunt
1274 1190 1310 1219 50
1326 1181 1394 1211 den.
1412 1187 1442 1211 et
1461 1193 1473 1211 1
1492 1192 1599 1212 census

193 1231 336 1269 aequales
355 1241 390 1268 29
408 1231 476 1260 den.
495 1235 526 1260 et
546 1241 581 1260 10
598 1231 697 1260 rebus.
741 1231 853 1260 Postea
870 1241 942 1260 vero
959 1230 1170 1260 subtrahendo
1189 1241 1224 1268 29
1241 1241 1259 1260 a
1277 1241 1314 1269 50
1331 1232 1545 1270 relinquuntur
1563 1243 1596 1261 21

194 1281 262 1310 den.
274 1286 305 1310 et
315 1291 394 1310 vnus
405 1291 512 1310 census
523 1281 665 1318 aequales
679 1291 713 1310 10
723 1281 823 1310 rebus.
866 1280 1000 1318 Operare
1010 1281 1104 1318 igitur
1114 1290 1169 1318 per
1180 1284 1273 1317 caput
1284 1280 1462 1316 secundum,
1471 1284 1501 1309 et
1511 1284 1600 1318 patet

194 1331 277 1369 quod
295 1331 392 1360 altera
408 1341 479 1369 pars
498 1340 513 1368 7
532 1335 562 1359 et
580 1331 676 1360 altera
694 1341 710 1368 3
729 1330 800 1360 sint.
843 1331 930 1360 Haec
946 1335 1052 1360 autem
1069 1330 1210 1369 quaestio
1228 1330 1383 1359 reducitur
1400 1330 1440 1359 ad
1457 1335 1551 1368 caput
1568 1330 1599 1360 in

156 1396 183 1411 κο
194 1391 255 1419 quo
271 1391 378 1410 census
393 1385 423 1410 et
438 1380 557 1410 numeri
572 1380 662 1410 rebus
677 1385 859 1418 aequantur.

793 1480 912 1517 Questio
927 1484 1007 1509 sexta

234 1562 446 1601 Multiplicaui
464 1563 590 1593 tertiam
608 1573 715 1593 census
733 1573 803 1593 cum
821 1567 934 1601 quarta
952 1563 1097 1599 eiusdem,
1116 1567 1146 1592 et
1163 1567 1372 1601 prouenerunt
1390 1572 1497 1592 census
1515 1567 1546 1592 et
1565 1573 1600 1599 24

195 1613 330 1643 denarii:
357 1618 493 1651 quantus
508 1613 602 1651 igitur
617 1618 663 1642 est
678 1614 809 1642 census?

665 1663 882 1701 Respondetur
896 1673 932 1692 ex
945 1663 1049 1701 regula
1061 1673 1066 1692 :
1093 1673 1138 1699 24.

157 1726 183 1746 25
236 1713 363 1750 Regula.
407 1713 487 1750 Quia
501 1713 577 1742 satis
591 1713 682 1749 nosti,
698 1713 781 1751 quod
795 1723 830 1742 ex
844 1713 1102 1751 multiplicatione
1116 1712 1225 1742 tertiae
1239 1712 1335 1751 partis
1350 1712 1391 1742 rei
1406 1722 1475 1742 cum
1489 1717 1601 1751 quarta

196 1767 285 1801 parte
300 1762 352 1799 rei,
368 1762 551 1792 duodecima
564 1763 727 1801 proueniat
740 1773 811 1801 pars
826 1773 942 1799 census,
958 1773 1037 1801 quae
1050 1763 1081 1792 in
1095 1763 1153 1792 hoc
1166 1772 1238 1792 casu
1252 1762 1305 1791 vni
1319 1762 1360 1791 rei
1375 1767 1405 1792 et
1421 1773 1456 1798 24
1470 1762 1601 1792 denariis

196 1812 334 1850 aequalis
356 1817 411 1842 est.
455 1813 580 1850 Integra
601 1813 694 1850 igitur
715 1823 849 1849 censum,
871 1813 1106 1851 multiplicando
1128 1817 1230 1842 totum
1251 1822 1321 1842 cum
1345 1823 1389 1849 12,
1411 1817 1442 1842 et
1462 1813 1601 1850 perficias

196 1862 280 1900 quod
300 1872 408 1892 census
426 1872 506 1892 vnus
528 1873 561 1891 12
580 1863 670 1892 rebus
689 1867 719 1892 et
740 1864 795 1892 288
813 1863 944 1892 denariis
963 1868 1120 1901 aequetur.
1163 1863 1228 1900 Age
1246 1862 1347 1900 igitur,
1367 1862 1601 1900 multiplicando

195 1912 395 1941 medietatem
413 1912 551 1942 radicum
569 1922 639 1942 cum
657 1913 765 1951 seipsa,
784 1917 815 1942 et
833 1913 975 1942 addendo
992 1913 1179 1951 productum
1196 1922 1249 1942 seu
1268 1912 1456 1950 quadratum
1475 1912 1515 1942 ad
1535 1914 1600 1949 288,

156 1976 186 1996 30
196 1967 226 1991 et
239 1962 422 2000 prouenient
435 1972 502 2000 324,
516 1962 601 1992 cuius
614 1962 700 1991 radix
714 1967 759 1992 est
775 1964 819 1999 18,
832 1972 912 2000 quae
924 1963 1032 1992 addita
1044 1962 1085 1992 ad
1097 1962 1297 1992 medietatem
1311 1962 1458 1999 radicum,
1472 1962 1601 1992 veniunt

198 2022 243 2048 24,
264 2021 371 2041 census
390 2012 567 2050 propositae
586 2012 784 2050 quaestionis.
828 2012 1000 2042 Reducitur
1018 2017 1125 2042 autem
1144 2012 1219 2042 haec
1238 2012 1378 2051 quaestio
1397 2012 1437 2042 ad
1457 2017 1551 2050 caput
1569 2012 1600 2042 in

196 2071 257 2100 quo
272 2061 389 2091 radices
403 2066 434 2091 et
448 2062 568 2091 numeri
582 2062 773 2092 substantias
788 2067 970 2100 coaequant.

766 2162 905 2200 Quaestio
920 2163 1046 2200 septima

236 2244 337 2273 Diuisi
359 2254 394 2273 10
412 2244 443 2273 in
462 2244 533 2281 duo,
553 2249 588 2274 vt
607 2245 824 2283 multiplicatio
842 2245 932 2274 vnius
952 2255 1022 2274 cum
1040 2245 1137 2274 altero
1155 2245 1307 2283 producat
1328 2255 1381 2281 24:
1411 2254 1490 2283 quae
1508 2244 1601 2283 igitur

157 2305 184 2325 35
197 2293 258 2323 sint
271 2298 385 2331 partes,
400 2294 567 2332 quaeritur.

630 2344 847 2382 Respondetur
861 2354 896 2373 ex
911 2344 1031 2382 regula:
1058 2346 1075 2373 6
1090 2349 1120 2374 et
1135 2355 1162 2380 4.

237 2393 364 2430 Regula.
408 2393 490 2423 Scias
506 2404 601 2423 Vnam
616 2399 737 2432 partem
754 2404 817 2423 esse
833 2404 906 2430 rem,
924 2399 954 2423 et
971 2394 1100 2423 alteram
1120 2405 1154 2423 10
1169 2399 1291 2432 praeter
1307 2404 1380 2423 rem.
1424 2394 1601 2431 Multiplica

197 2442 290 2480 igitur
309 2453 403 2472 vnam
423 2453 493 2472 cum
512 2444 618 2480 altera,
640 2449 670 2473 et
690 2444 902 2482 producuntur
925 2454 959 2473 10
979 2454 1024 2473 res
1044 2449 1165 2482 praeter
1185 2454 1319 2480 censum,
1340 2453 1420 2482 quae
1439 2443 1545 2472 valent
1566 2454 1601 2479 24

197 2492 347 2521 denarios.
391 2493 606 2522 Restaurando
623 2494 715 2531 igitur
731 2494 789 2530 dic,
807 2494 890 2532 quod
910 2504 944 2522 10
960 2504 1007 2523 res
1023 2494 1148 2523 valeant
1167 2504 1202 2530 24
1218 2494 1287 2523 den.
1305 2498 1335 2523 et
1352 2504 1449 2523 vnum
1466 2503 1600 2523 censum.

159 2555 187 2575 40
197 2542 261 2579 Age
278 2552 360 2571 nunc
376 2552 430 2580 per
447 2547 541 2580 caput
558 2553 620 2581 quo
637 2553 743 2573 census
761 2548 791 2573 et
809 2543 927 2573 numeri
944 2544 1034 2573 rebus
1051 2548 1235 2582 aequantur,
1254 2548 1284 2573 et
1301 2543 1422 2581 patebit
1440 2543 1523 2581 quod
1540 2553 1602 2572 vna

197 2601 268 2628 pars
282 2591 440 2621 diuisionis
454 2594 471 2621 6
485 2597 515 2622 et
530 2593 626 2622 altera
639 2603 658 2629 4
671 2593 741 2623 sint.
