1780 2995
209 252 269 274 110

550 244 670 271 LIBER
697 243 906 271 ALGEBRAE
934 243 985 271 ET
1011 244 1281 272 ALMUCABOLA

183 356 194 372 ι
491 354 498 361 ·
780 346 919 384 Quaestio
935 347 1036 384 prima

244 429 416 458 Denarium
434 439 595 458 numerum
615 429 657 458 sic
679 429 710 458 in
729 429 790 459 duo
809 429 924 466 diuido,
944 434 978 459 vt
1002 440 1063 459 vna
1080 434 1169 468 parte
1188 439 1257 459 cum
1276 430 1373 459 altera
1391 430 1609 468 multiplicata,

205 479 393 518 productum
409 479 674 517 multiplicationis
690 479 722 508 in
741 489 774 508 21
793 479 983 509 terminetur.

245 530 313 558 Iam
332 539 403 567 ergo
421 539 515 559 vnam
533 534 664 567 partem,
683 539 747 558 rem
765 529 966 567 proponimus
984 539 1077 567 quam
1096 539 1166 559 cum
1186 539 1222 558 10
1240 529 1304 559 sine
1322 539 1362 566 re,
1382 539 1461 568 quae
1479 530 1609 559 alteram

182 594 195 614 5
205 584 327 618 partem
339 579 466 616 habent,
477 579 728 617 multiplicamus,
742 584 772 608 et
785 579 998 617 producuntur
1015 590 1048 608 10
1061 589 1107 609 res
1120 580 1237 618 absque
1249 579 1435 616 substantia,
1446 580 1610 610 drachmas

208 640 222 659 2
230 640 241 658 1
264 634 479 668 coaequantes.

523 629 652 667 Comple
670 629 764 667 igitur
787 639 821 658 10
841 639 886 658 res
907 638 977 658 cum
997 629 1181 665 substantia,
1203 634 1233 658 et
1253 629 1462 659 substantiam
1482 640 1609 659 numero

208 690 241 709 21
266 679 354 716 adde,
377 684 408 708 et
430 678 554 708 venient
579 689 613 708 10
635 689 691 716 res,
714 679 922 708 substantiam
943 683 973 708 et
998 689 1030 708 21
1055 679 1216 708 drachmas
1238 684 1453 718 coaequantes

1497 680 1610 718 Accipe

207 730 406 759 medietatem
425 739 536 766 rerum,
555 729 612 758 hoc
631 733 677 758 est
697 737 723 767 5,
743 733 773 758 et
792 739 860 758 eam
879 738 948 758 curn
967 729 1066 767 seipsa
1084 729 1265 767 multiplica,
1285 734 1315 759 et
1333 729 1543 768 producentur
1564 739 1608 768 25.

208 781 253 809 Ex
274 779 320 808 his
343 790 375 808 21
398 779 555 815 subtrahe,
577 783 607 808 et
629 779 798 808 manebunt
820 789 846 814 4.

889 779 1009 808 Horum
1030 779 1173 815 radicem,
1198 789 1211 808 2
1234 779 1357 815 scilicet,
1379 780 1493 817 accipe,
1515 784 1610 818 atque

170 843 197 858 10
207 840 275 859 eam
293 829 419 859 tandem
437 839 471 858 ex
489 829 655 858 medietate
671 828 809 858 radicum
826 828 982 864 subtrahe,
1001 833 1031 857 et
1048 829 1218 858 manebunt
1235 839 1263 867 3,
1281 839 1360 867 quae
1377 840 1471 859 vnam
1487 834 1609 868 partem

208 879 367 909 diuisionis
385 879 609 908 demonstrant.

767 962 906 999 Quaestio
921 962 1048 990 secunda

248 1047 421 1076 Numerum
433 1044 593 1074 denarium
606 1044 648 1074 sic
660 1044 691 1074 in
704 1044 765 1074 duo
778 1044 893 1081 diuido,
906 1049 942 1073 vt
954 1049 1086 1083 Vtraque
1098 1049 1186 1082 parte
1199 1054 1269 1074 cum
1281 1045 1381 1083 seipsa
1393 1045 1611 1084 multiplicata,

208 1097 233 1126 si
254 1096 441 1134 productum
463 1094 560 1132 partis
582 1094 707 1123 minoris
730 1104 765 1123 ex
786 1094 938 1132 producto
953 1094 1051 1132 partis
1073 1094 1196 1124 maioris
1218 1094 1386 1132 auferatur,
1404 1095 1611 1134 quadraginta

171 1155 197 1175 15
209 1150 365 1176 maneant.

249 1195 388 1233 Exempli
407 1194 556 1233 expositio
575 1194 645 1223 talis
663 1199 719 1231 est,
738 1199 774 1223 vt
796 1204 830 1223 10
848 1194 912 1224 sine
930 1204 962 1224 re
980 1205 1050 1224 cum
1068 1205 1122 1224 suo
1141 1195 1262 1233 aequali
1280 1195 1475 1233 multiplices,
1494 1200 1525 1225 et
1543 1206 1613 1234 pro-

209 1248 360 1277 ducentur
386 1255 440 1274 100
463 1255 498 1274 ex
520 1255 657 1281 numero,
681 1254 742 1274 vna
765 1244 940 1274 substantia
963 1245 1079 1283 absque
1104 1255 1139 1274 20
1162 1245 1260 1274 rebus.

1304 1245 1495 1284 Multiplices
1518 1246 1612 1276 etiam

208 1308 271 1327 rem
291 1306 361 1326 curn
380 1306 421 1332 se,
441 1300 471 1324 et
490 1294 677 1333 producetur
696 1294 881 1330 substantia,
901 1304 995 1333 quarn
1014 1305 1049 1324 ex
1071 1305 1125 1324 100
1144 1299 1173 1324 et
1193 1295 1368 1324 substantia
1387 1295 1504 1334 absque
1522 1296 1612 1326 rebus

209 1347 371 1382 diminuas,
389 1350 419 1374 et
435 1345 605 1374 manebunt
625 1354 679 1373 100
695 1344 811 1382 absque
829 1354 865 1373 20
880 1345 979 1381 rebus,
997 1344 1203 1383 quadraginta
1219 1345 1381 1374 drachmas
1397 1346 1611 1384 coaequantia.

169 1411 197 1426 20
209 1397 337 1434 Comple
352 1395 444 1433 igitur
463 1404 517 1423 100
532 1394 694 1423 drachmas
710 1404 779 1423 cum
797 1404 832 1422 20
847 1394 947 1430 rebus,
964 1399 994 1423 et
1010 1405 1060 1423 eas
1075 1394 1228 1424 drachmis
1244 1405 1282 1431 40
1296 1395 1422 1424 adiicias
1437 1400 1468 1424 et
1483 1396 1611 1426 habebis

210 1457 274 1483 100,
294 1445 500 1484 quadraginta
518 1444 680 1473 drachmas
699 1448 730 1473 et
750 1454 786 1473 20
804 1454 850 1473 res
868 1449 1083 1482 coaequantes.

207 1496 378 1526 manebunt
393 1497 430 1524 60
443 1494 609 1523 drachmae
624 1504 660 1523 20
673 1504 720 1523 res
734 1498 913 1532 aequantes.

207 1547 260 1586 qui
276 1556 370 1575 vnam
386 1549 508 1583 partem
525 1544 685 1573 diuisionis
702 1544 904 1573 demonstrat.

1127 1445 1226 1482 Igitur
1244 1455 1282 1481 40
1300 1455 1336 1474 ex
1356 1455 1411 1474 100
1429 1445 1560 1482 auferas,
1580 1451 1610 1476 et

957 1495 1018 1523 Res
1031 1494 1124 1532 igitur
1139 1494 1272 1524 ternario
1286 1499 1459 1533 aequantur
1472 1505 1611 1535 numero,

787 1628 925 1665 Quaestio
940 1628 1023 1657 tertia

166 1729 193 1749 25
245 1712 415 1742 Denarium
428 1721 590 1740 numerum
603 1711 645 1740 sic
657 1711 688 1739 in
701 1710 762 1740 duo
775 1710 891 1747 diuido,
904 1715 939 1740 vt
953 1715 1084 1749 Vtraque
1096 1715 1185 1748 parte
1197 1720 1267 1740 cum
1280 1711 1379 1749 seipsa
1391 1711 1608 1749 multiplicata,

205 1768 237 1793 et
252 1762 545 1800 multiplicationum
561 1761 719 1798 productis
735 1761 824 1790 simul
841 1761 984 1796 collectis,
999 1771 1034 1790 ac
1050 1761 1228 1799 quantitate
1241 1761 1360 1797 deinde,
1375 1771 1454 1800 quae
1468 1766 1514 1790 est
1528 1762 1607 1791 inter

205 1813 282 1843 duas
296 1816 409 1850 partes,
425 1811 482 1840 illis
497 1811 614 1847 addita,
631 1815 698 1840 tota
713 1821 833 1840 summa
848 1810 888 1840 ad
904 1819 939 1848 54
954 1810 1116 1840 drachmas
1131 1816 1292 1840 excrescat.

244 1862 345 1892 Huius
362 1860 490 1898 exempli
508 1860 656 1898 expositio
674 1860 743 1889 talis
761 1864 816 1896 est,
834 1864 869 1889 vt
888 1870 924 1889 10
940 1860 1004 1889 sine
1020 1870 1051 1889 re
1068 1870 1137 1889 cum
1154 1870 1209 1890 suo
1226 1860 1346 1899 aequali
1364 1861 1557 1899 multiplices,
1576 1866 1606 1891 et

259 1952 279 1968 2.
294 1947 321 1965 vt
332 1951 376 1966 om.
392 1943 423 1966 D.
484 1942 593 1967 deducta,
608 1949 706 1964 summa.
766 1942 796 1963 In
809 1949 878 1968 marg.

249 2074 270 2095 5.
285 2068 399 2095 fiuntque.
431 2067 555 2089 drachmas
565 2074 608 2090 om.

251 2108 271 2127 ὁ,
289 2106 337 2127 sine
349 2112 372 2127 re
384 2108 423 2131 pro
435 2112 477 2126 res.
541 2111 610 2130 super
622 2107 660 2130 pro
672 2111 777 2126 numero.

252 2149 271 2169 7Δ
290 2143 334 2165 Dic
367 2150 421 2168 ergo
456 2149 483 2164 10
516 2149 558 2163 res.
621 2145 745 2168 coequant.

205 2180 356 2203 medietatem
368 2179 480 2201 radicum.

251 2219 271 2240 8.
289 2218 312 2240 in
324 2217 475 2244 semetipsam
488 2216 623 2243 (semetipsa
635 2215 677 2242 D).

251 2263 271 2281 ι).
289 2255 309 2277 Α
319 2255 404 2282 quibus
415 2262 439 2276 21
452 2254 554 2280 demptis
564 2254 596 2279 V;
615 2261 658 2275 om.
669 2253 700 2275 D.
763 2256 786 2275 et
796 2260 838 2275 om.
849 2252 877 2275 V,

206 2293 290 2319 Accipe
312 2299 392 2315 eorum
416 2293 505 2320 (earum
528 2291 561 2317 D)
584 2291 693 2317 radicem,
714 2290 737 2312 id
758 2294 793 2312 est
817 2298 835 2315 2,
855 2293 877 2312 et

809 2141 878 2163 Sume

205 2338 257 2353 eam
269 2338 303 2352 ex.

253 2375 286 2390 10.
304 2371 326 2390 et
339 2375 381 2389 om.
394 2367 425 2389 D.

253 2413 286 2431 13.
304 2409 330 2427 ut
345 2404 377 2431 (et
390 2404 423 2429 D)
437 2411 578 2430 unaquaque
591 2403 703 2425 diuisione
715 2403 738 2425 in
754 2402 879 2429 semetipsa

208 2442 368 2469 (semetipsam
384 2442 417 2467 D)
435 2441 544 2465 deducta.
562 2441 579 2462 si
597 2440 762 2467 multiplicatio
784 2439 879 2462 minoris

206 2479 326 2502 diuisionis
348 2487 375 2502 ex
398 2479 592 2506 multiplicatione
615 2479 709 2501 maioris
732 2478 828 2501 tollatur
850 2485 879 2504 40

208 2518 260 2543 (om.
274 2517 306 2543 D)
321 2520 464 2539 remaneant.

254 2556 287 2576 16.
305 2554 427 2580 Expositio
439 2553 508 2576 huius
520 2553 580 2576 talis.
644 2553 764 2576 consimili,

254 2598 287 2618 17.
307 2598 348 2613 100
370 2595 392 2613 et
415 2590 548 2613 substantia
570 2590 658 2617 absque
687 2592 721 2617 Η-
734 2590 821 2617 absque
843 2590 879 2613 vel

930 1942 1007 1964 minus
1023 1943 1047 1964 in
1064 1950 1132 1968 marg.
1150 1942 1172 1963 D
1194 1949 1255 1964 man.
1274 1942 1295 1968 1)
1315 1950 1342 1964 20
1363 1942 1487 1965 radicibus.
1522 1942 1605 1965 Multi-

931 1979 991 2006 plica
1002 1979 1072 2006 igitur
1083 1986 1131 2001 rem
1143 1979 1166 2001 in
1177 1986 1208 2005 re,
1220 1983 1243 2002 et
1256 1979 1303 2002 fiet.

978 2017 1010 2038 18.
1029 2024 1073 2043 que
1098 2016 1124 2038 V.

930 2053 1006 2076 rebus.

977 2098 1010 2113 20.
1030 2098 1072 2113 100
1083 2098 1135 2113 cum
1149 2099 1181 2117 20,
1194 2095 1217 2113 et
1228 2098 1267 2114 eas
1278 2098 1346 2118 super
1357 2099 1386 2118 40
1397 2091 1494 2113 adicias.

979 2136 1013 2151 21.
1030 2128 1153 2150 drachmas
1171 2136 1214 2151 om.
1244 2129 1296 2151 Hoc
1314 2136 1367 2155 ergo
1385 2132 1484 2151 centeno
1499 2135 1606 2156 opponas

932 2165 1046 2192 (apponas
1056 2166 1089 2191 D)
1102 2173 1199 2188 numero
1211 2169 1233 2188 et
1245 2173 1274 2193 40
1284 2174 1318 2188 ex.
1352 2166 1437 2188 inferas
1448 2166 1479 2188 D.

977 2211 1010 2225 22.
1028 2205 1057 2225 60
1071 2203 1100 2230 (4,
1121 2206 1142 2227 -4-
1153 2211 1206 2225 curn
1217 2204 1249 2229 D)
1265 2211 1292 2225 20
1304 2211 1340 2225 res
1351 2203 1501 2230 coequancia.

977 2248 1010 2267 ²3-
1028 2248 1099 2262 unam
1111 2244 1230 2263 mensurat
1243 2241 1390 2263 diuisionem,

976 2283 1010 2303 ²5-
1028 2283 1177 2303 unaquaque.
1240 2276 1373 2303 semetipsa.

930 2338 961 2360 D.
1023 2339 1134 2365 Inmarg.
1167 2331 1194 2371 3
1212 2328 1252 2366 -{—
1273 2330 1300 2370 φ
1315 2327 1377 2370 ἴ(-
1395 2338 1426 2360 D.

977 2403 1011 2423 26.
1028 2405 1051 2423 et
1072 2401 1194 2428 utriusque
1214 2400 1410 2426 multiplicatione
1426 2400 1449 2422 in
1466 2407 1537 2422 unam
1558 2400 1603 2422 col>

930 2437 990 2460 lecta
1004 2438 1037 2464 (4-
1052 2438 1105 2463 aD)
1119 2438 1254 2465 quantitate
1267 2445 1319 2465 que.

977 2483 1010 2502 27.
1028 2475 1110 2498 addita
1123 2479 1145 2500 -l-
1157 2483 1211 2498 nam
1242 2479 1265 2498 et
1296 2482 1488 2502 unamquamque
1524 2481 1603 2496 earum

931 2514 954 2536 in
965 2515 1091 2541 semetipsa
1102 2514 1264 2541 multiplicasti
1275 2513 1306 2535 D.

978 2553 1012 2574 28.
1030 2551 1089 2574 Inde
1098 2552 1168 2579 igitur
1178 2551 1231 2574 talis
1240 2551 1311 2574 datus
1320 2550 1440 2578 expositio,
1451 2554 1485 2573 ut.
1549 2557 1602 2572 con-

932 2589 1007 2612 simili.

1188 2016 1276 2043 absque
1300 2024 1342 2039 om.
1367 2017 1400 2043 V;
1433 2020 1457 2039 et
1481 2016 1512 2039 D.
1579 2024 1606 2039 20

1472 2275 1603 2303 multiplica
