1780 2995
214 251 273 281 116

546 250 667 277 LIBER
694 249 904 276 ALGEBRAE
932 249 983 276 ET
1009 247 1278 276 ALMUCABOLA

796 341 936 379 Quaestio
951 351 1031 370 nana

248 426 397 456 Radicem
415 425 608 455 substantiae
626 435 695 455 cum
713 425 776 454 eius
793 429 927 463 quatuor
944 424 1097 454 radicibus
1115 424 1158 453 ita
1176 423 1356 462 multiplico,
1374 428 1409 453 vt
1427 427 1494 453 tota
1511 423 1614 453 multi-

207 476 382 516 plicationis
398 485 519 505 summa
536 475 634 505 tribus
650 474 832 505 substantiis
849 479 879 504 et
896 474 1124 513 quinquaginta
1140 474 1293 503 drachmis
1310 478 1505 512 coaequetur.

248 525 408 564 Expositio
425 530 481 562 est,
499 529 535 554 vt
551 525 685 554 radicem
703 534 772 554 cum
789 529 923 563 quatuor
940 524 1093 553 radicibus
1111 524 1323 562 multiplicem,
1341 528 1371 553 et
1388 534 1407 560 4
1424 522 1614 552 substantias

184 586 196 606 s
208 576 252 605 ita
265 575 433 614 productas
447 575 545 604 tribus
559 574 740 604 substantiis
754 579 785 603 et
800 583 836 612 50
849 574 1002 603 drachmis
1016 583 1191 612 coaequem.
1236 574 1282 602 Ex
1294 583 1312 609 4
1325 573 1418 610 igitur
1431 571 1613 602 substantiis

209 630 269 655 tres
289 624 480 654 substantias
499 624 616 661 aufero,
636 629 667 653 et
686 624 823 653 manebit
843 623 1029 660 substantia,
1052 632 1088 661 50
1107 623 1270 653 drachmas
1289 632 1472 661 coaequans.

208 675 294 704 radix
310 674 504 704 substantiae
520 683 556 712 50
571 678 617 703 est
632 674 719 703 radix
734 673 853 703 numeri
870 682 914 711 50.

1515 622 1614 660 Igitur

779 757 919 794 Quaestio
934 756 1049 786 decima

248 841 294 870 Ex
312 840 488 870 substantia
505 839 569 869 eius
586 844 709 877 partem
727 839 851 869 tertiam
869 843 899 868 et
918 843 978 868 tres
996 838 1159 868 drachmas
1176 838 1291 875 aufero,
1310 842 1341 867 et
1358 837 1443 876 quod
1459 837 1615 867 residuum

171 903 198 917 10
208 890 301 920 fuerit
318 900 388 920 cum
404 900 459 919 suo
476 889 626 919 consimili
642 889 823 927 multiplico,
841 893 872 918 et
888 889 985 918 oritur
1001 899 1037 918 ex
1053 888 1310 926 multiplicatione
1326 887 1393 926 ipsa
1409 887 1594 917 substantia.

248 940 408 978 Expositio
431 944 487 976 est,
511 943 546 968 vt
569 938 695 977 quando
718 939 843 968 tertiam
865 943 896 968 et
919 942 980 968 tres
1003 937 1166 967 drachmas
1188 937 1378 974 subtraxero,
1403 938 1482 967 duae
1505 937 1616 966 tertiae

208 991 325 1028 absque
339 990 437 1019 tribus
451 989 605 1019 drachmis
618 993 775 1018 maneant.

819 989 897 1018 Sunt
911 992 1016 1018 autem
1029 998 1085 1017 res.

1128 987 1217 1017 Vnde
1230 987 1307 1017 duas
1321 987 1428 1017 tertias
1442 987 1484 1016 rei
1498 987 1616 1025 absque

208 1050 225 1078 3
245 1040 399 1069 drachmis
415 1049 485 1069 cum
504 1049 559 1068 suo
578 1039 699 1077 aequali
718 1038 971 1076 multiplicamus,
991 1042 1022 1067 et
1040 1037 1255 1076 producuntur
1274 1042 1408 1076 quatuor
1427 1047 1526 1066 nonae
1545 1036 1616 1066 sub-

208 1090 343 1119 stantiae
359 1094 390 1119 et
410 1100 427 1127 9
447 1089 623 1125 drachmae,
640 1089 757 1127 absque
777 1092 912 1126 quatuor
931 1087 1097 1124 radicibus,
1114 1087 1250 1117 radicem
1269 1087 1484 1125 coaequantia.

1528 1086 1617 1115 Adde

171 1151 197 1171 15
208 1140 301 1178 igitur
317 1140 434 1178 absque
449 1150 468 1175 4
483 1139 638 1168 radicibus
654 1138 707 1168 vni
723 1138 829 1174 radici,
846 1142 878 1167 et
894 1138 1020 1167 venient
1036 1142 1171 1176 quatuor
1187 1147 1325 1167 nouenae
1342 1137 1536 1166 substantiae
1551 1141 1583 1166 et
1600 1147 1617 1174 9

208 1189 374 1219 drachmae
393 1189 529 1227 quinque
547 1188 664 1218 radices
683 1192 899 1226 coaequantes.

942 1188 1074 1226 Oportet
1094 1197 1164 1225 ergo
1183 1192 1219 1216 vt
1238 1192 1372 1226 quatuor
1391 1197 1527 1216 nouenas
1546 1186 1617 1216 sub-

209 1240 344 1269 stantiae
359 1239 523 1277 compleas,
539 1243 575 1267 vt
590 1238 658 1276 ipsa
673 1238 849 1267 substantia
864 1237 1052 1276 perficiatur,
1068 1242 1099 1266 et
1115 1237 1172 1266 hoc
1188 1237 1314 1276 quidem
1329 1241 1364 1266 vt
1380 1236 1499 1274 singula
1515 1246 1585 1266 cum
1602 1246 1616 1265 2

209 1294 240 1319 et
258 1294 371 1328 quarta
388 1288 584 1326 multiplices,
603 1293 634 1317 et
652 1288 777 1317 venient
799 1299 829 1317 11
851 1298 897 1317 res
915 1292 945 1317 et
964 1286 992 1324 ἑ,
1011 1297 1107 1317 Vnam
1124 1287 1333 1316 substantiam
1351 1291 1382 1316 et
1402 1296 1437 1315 20
1455 1286 1617 1316 drachmas

210 1349 279 1369 cum
294 1343 406 1377 quarta
420 1343 637 1376 coaequantes.

171 1403 199 1419 20
209 1389 319 1418 radicis
335 1388 391 1418 tibi
406 1388 547 1417 diximus.

681 1338 815 1376 Operare
829 1337 922 1375 igitur
936 1347 1006 1366 cum
1020 1337 1062 1366 eis
1077 1336 1340 1375 quemadmodum
1354 1336 1385 1365 in
1398 1336 1618 1365 medietatione

759 1429 898 1466 Quaestio
914 1429 1065 1458 vndecima

249 1505 388 1535 Tertiam
410 1504 603 1534 substantiae
625 1514 695 1533 cum
717 1504 780 1533 eius
802 1508 914 1542 quarta
936 1504 978 1533 sic
1000 1503 1182 1541 multiplico,
1204 1507 1240 1532 vt
1262 1507 1330 1532 tota
1352 1502 1617 1540 multiplicationis

210 1565 332 1585 summa
347 1554 404 1592 ipsi
420 1554 614 1583 substantiae
630 1558 825 1592 coaequetur.

250 1604 410 1643 Expositio
434 1604 525 1633 huius
549 1608 605 1640 est,
631 1608 666 1632 vt
691 1603 816 1633 tertiam
839 1603 881 1632 rei
906 1613 976 1632 cum
1001 1607 1112 1641 quarta
1137 1602 1350 1640 multiplicem,
1375 1606 1406 1631 et
1430 1601 1617 1640 producetur

171 1669 196 1689 25
210 1655 359 1684 medietas
380 1658 484 1683 sextae
502 1653 592 1683 vnius
613 1653 816 1688 substantiae,
833 1663 897 1682 rem
917 1663 1098 1691 coaequans

1143 1652 1243 1681 Radix
1261 1652 1355 1690 igitur
1374 1651 1568 1681 substantiae
1586 1651 1617 1681 in

213 1715 247 1734 12
265 1704 459 1740 terminatur,
476 1708 506 1733 et
521 1703 698 1733 substantia
715 1713 770 1739 144
784 1703 815 1732 in
831 1713 862 1732 se
877 1703 1024 1732 continet.

255 1778 275 1796 3.
293 1769 368 1792 tribus
384 1772 405 1794 ÷
416 1768 614 1791 similitudinibus.
746 1767 885 1790 substantie.

209 1811 337 1834 coequatur
348 1807 381 1833 V;
403 1806 534 1833 adequatur
545 1806 575 1828 D.

255 1853 276 1871 4.
294 1844 370 1866 Huius
396 1847 431 1866 est
459 1843 579 1870 expositio.

210 1882 302 1906 stantie,
315 1889 327 1908 3
340 1881 491 1903 substantias.

256 1926 276 1946 5.
294 1922 446 1945 coequantes;
468 1918 487 1940 C
499 1917 549 1940 add.
563 1918 588 1940 in
600 1925 668 1944 marg.
682 1917 790 1944 aequales
807 1917 888 1939 eodem

210 1956 332 1983 preferam.
395 1963 408 1982 4
425 1958 446 1979 -4-
457 1962 483 1977 ex
496 1955 527 1977 D.
591 1955 660 1981 igitur
673 1962 715 1976 am.

256 1995 276 2015 6.
294 1993 358 2015 tollo.
443 2000 575 2019 coaequans
592 1995 646 2016 -l-et
669 1992 719 2018 ipsa
741 1995 763 2014 et
787 1991 851 2013 radix
874 1991 888 2013 1‘

211 2031 234 2053 in
261 2031 315 2052 iiii⁰¹'
336 2029 452 2052 radicibus
474 2029 488 2051 l*
508 2029 539 2051 D.
603 2029 679 2051 Radix
701 2036 755 2055 ergo
782 2036 810 2055 50
831 2029 854 2050 in
875 2036 889 2055 4

211 2068 328 2090 radicibus
347 2075 375 2094 50
394 2067 465 2089 ducta
489 2067 553 2092 (sunt
573 2067 606 2092 D)
627 2066 729 2088 ducenta
748 2073 793 2093 que
813 2065 889 2088 tribus

211 2105 403 2127 similitudinibus
414 2104 546 2126 substantie
555 2107 578 2126 et
589 2111 617 2130 50
628 2103 790 2130 dragmatibus
802 2110 889 2130 equan-

211 2146 250 2165 tur
261 2142 383 2165 constituit
398 2142 487 2168 (manet
499 2141 588 2168 equalis
600 2141 642 2167 D).

258 2186 277 2206 7.
296 2179 315 2202 C
326 2179 376 2202 add.
387 2187 390 2201 :
412 2178 522 2206 Sequitur
534 2186 638 2201 examen.

333 2216 409 2238 Radix
423 2210 485 2243 xsssc]
549 2215 687 2238 Substantia
699 2223 734 2242 50.

335 2247 391 2280 xsso
410 2257 437 2275 vt
457 2261 504 2275 vna
524 2253 596 2278 radix,
614 2261 667 2275 curn
689 2254 766 2278 V800,
788 2256 890 2279 quatuor

211 2291 337 2317 radicibus,
354 2291 517 2318 multiplicata,
536 2290 644 2317 producit
662 2298 711 2312 200.
744 2290 823 2317 Atque
839 2293 890 2312 tan-

212 2333 263 2351 turn
275 2332 329 2351 sunt
342 2329 414 2350 etiam
426 2335 454 2355 50
466 2331 507 2353 ter,
522 2327 566 2350 hoc
581 2331 615 2349 est
633 2331 680 2349 tres
696 2326 849 2353 substantiae,
866 2330 889 2348 et

211 2366 391 2393 quinquaginta.

257 2411 278 2429 9.
296 2407 387 2429 partem
401 2410 444 2424 am.
507 2402 571 2424 tollo.

260 2447 293 2462 10.
312 2444 334 2462 et
347 2448 390 2462 om.
453 2447 480 2462 ex
496 2443 518 2464 ÷
529 2447 576 2467 qua
588 2439 705 2461 videlicet.

260 2485 294 2499 11.
312 2477 389 2499 Huius
413 2481 447 2499 est
473 2477 525 2503 (om.
550 2476 584 2503 D)
609 2476 736 2503 expositi0;

213 2514 250 2536 scd
261 2514 302 2536 dcl.

261 2559 294 2573 12.
312 2551 474 2578 remanebunt,
500 2555 523 2574 et
548 2551 597 2578 ipse
624 2554 692 2573 erunt
716 2550 789 2573 radix.
822 2550 891 2573 Unde

215 2588 252 2614 (ἣ-
264 2593 286 2610 et
299 2589 337 2613 V).

643 1846 667 1865 et
694 1846 761 1865 erunt
794 1850 807 1869 4
835 1842 887 1864 sub-

769 2476 847 2498 Huius
870 2475 889 2498 C

988 1775 1021 1793 13.
1040 1767 1171 1794 multiplico
1194 1767 1388 1794 (multiplicamus
1408 1767 1441 1793 D)
1459 1767 1545 1791 -l-Due
1565 1774 1618 1793 ergo

939 1808 963 1831 3θ
980 1805 1003 1826 in
1018 1805 1077 1826 duas
1092 1808 1128 1831 3³⁵
1143 1804 1214 1827 ducte
1235 1813 1248 1831 4
1269 1804 1416 1826 substantiae
1437 1811 1541 1826 nouenas
1556 1811 1617 1826 com-

939 1846 1030 1868 ponunt
1044 1846 1067 1864 et
1081 1849 1134 1864 cum
1150 1842 1187 1868 (4-
1198 1845 1221 1864 et
1235 1849 1288 1864 cum
1302 1842 1335 1867 D)
1351 1841 1427 1863 tribus
1440 1841 1463 1863 in
1477 1841 1570 1863 duabus
1586 1841 1617 1863 rei

940 1878 1140 1906 3³³⁸multiplicate,
1158 1879 1217 1901 duas
1232 1886 1268 1901 res
1289 1882 1433 1905 componunt
1451 1878 1556 1900 similiter
1579 1879 1616 1904 (ἣ-

940 1917 999 1939 duas
1014 1917 1046 1942 D)
1063 1917 1218 1938 diminutiuas
1239 1920 1262 1938 et
1283 1916 1332 1938 sine
1347 1915 1398 1942 3¹³¹„
1415 1916 1437 1938 in
1453 1914 1503 1942 3b¹¹⁸
1518 1924 1531 1942 9
1552 1915 1617 1942 drag-

940 1958 1006 1976 mata
1013 1954 1161 1976 constituunt
1170 1953 1295 1976 adiectiua.
1336 1954 1411 1975 Erunt
1420 1960 1481 1980 ergo.
1520 1960 1617 1975 nouene.

988 1999 1021 2018 14.
1040 1992 1052 2013 8
1064 1995 1103 2018 pra
1115 1999 1136 2017 9.

989 2035 1022 2055 15.
1040 2028 1088 2050 sine
1110 2036 1123 2055 4
1145 2028 1263 2050 radicibus
1285 2035 1353 2055 super
1375 2027 1484 2054 radicem,
1507 2030 1531 2050 et
1553 2027 1616 2050 fient.

941 2073 1050 2088 nouenas

989 2104 1021 2125 16.
1040 2110 1163 2130 coequans.

989 2147 1022 2166 17.
1040 2141 1082 2162 vt¹
1100 2143 1162 2164 -l-et.
1226 2139 1372 2166 compleatur
1395 2143 1417 2161 et
1442 2139 1494 2165 (om.
1517 2139 1550 2164 D)
1574 2139 1617 2161 hoc

942 2181 975 2200 est
987 2181 1011 2199 ut
1024 2177 1075 2199 illas
1085 2177 1108 2199 in
1119 2177 1212 2199 duabus
1224 2177 1326 2204 (duobus
1337 2177 1369 2202 D)
1382 2180 1406 2198 et
1419 2176 1469 2203 (aut
1482 2176 1515 2203 D)
1527 2176 1568 2203 4²⁴³.

990 2216 1022 2236 18.
1040 2214 1179 2241 multiplices
1198 2214 1235 2241 (-Ι-
1245 2214 1289 2239 vel,
1302 2214 1320 2236 si
1333 2214 1416 2241 placet,
1429 2213 1520 2240 singula
1533 2214 1557 2236 in
1574 2212 1617 2241 4s9

942 2252 1033 2274 diuidas
1054 2252 1092 2277 C).
1130 2251 1264 2278 Multiplica
1285 2259 1338 2278 ergo
1360 2259 1373 2278 9
1392 2251 1415 2273 in
1434 2251 1481 2273 duo
1504 2254 1527 2273 et
1548 2254 1574 2278 4⁸
1594 2255 1616 2273 et

941 2293 1008 2311 erunt
1020 2297 1047 2311 xx
1061 2289 1095 2315 (11
1110 2296 1145 2311 res
1156 2289 1186 2314 V)
1199 2293 1221 2311 et
1233 2294 1260 2316 4³
1272 2289 1279 2315 (
1289 2292 1310 2313 -l-
1321 2293 1344 2311 et
1356 2288 1485 2315 multiplica
1497 2296 1512 2310 v
1529 2288 1617 2310 radices

942 2327 964 2348 in
976 2326 1022 2348 duo
1034 2331 1056 2349 et
1068 2326 1102 2353 42⁵
1111 2330 1134 2348 et
1146 2330 1213 2348 erunt
1227 2334 1235 2348 1
1243 2334 1251 2348 1
1270 2334 1305 2348 res
1322 2330 1345 2348 et
1357 2327 1390 2353 4¹2³
1402 2326 1444 2351 D).
1512 2325 1616 2347 Habebis

941 2371 994 2391 ergo
1011 2364 1168 2386 substantiam
1184 2368 1207 2386 et
1226 2371 1253 2385 20
1269 2363 1393 2391 dragmata
1408 2367 1431 2386 et
1454 2367 1570 2390 quartam,
1591 2370 1614 2384 11

942 2409 977 2423 res
987 2405 1009 2424 et
1022 2405 1068 2428 4¹¹⁰
1079 2402 1110 2424 rei
1122 2401 1271 2429 coequancia.
1304 2401 1403 2428 Oppone
1414 2408 1475 2427 ergo.

988 2446 1022 2461 20.
1040 2439 1152 2462 radicum.

988 2483 1022 2503 24.
1040 2477 1134 2498 tertiam
1148 2479 1170 2501 4-
1178 2480 1201 2498 et
1209 2476 1240 2498 D.
1283 2476 1438 2501 deducamV;
1449 2475 1576 2497 deductam
1585 2474 1615 2496 D.

987 2520 1021 2540 ²5.
1038 2517 1116 2536 sextae
1126 2516 1148 2537 -l-
1159 2514 1202 2536 hoc
1213 2517 1248 2536 est
1259 2521 1306 2535 vna
1317 2512 1455 2535 duodecima
1468 2512 1494 2535 C.
1521 2512 1552 2535 rei
1565 2511 1615 2534 add.

941 2554 1008 2578 super
1019 2551 1165 2574 substantiae
1176 2555 1195 2573 et
1207 2558 1329 2573 numerum
1341 2554 1408 2577 super
1420 2557 1468 2573 rem
1481 2549 1508 2572 C.
