1780 2995
152 604 163 620 ¹
307 592 487 638 LIBER
524 591 860 639 ALGEBRAE
898 591 978 638 ET
1008 591 1443 640 ALMUCABOLA

238 719 471 745 CONTINENS
498 717 894 744 DEMONSTRATIONES
922 717 1224 750 AEQUATIONUM
1253 718 1507 744 REGULARUM

764 775 980 801 ALGEBRAE

220 873 264 900 Ab
284 873 392 900 incerto
411 872 530 900 authore
546 872 614 899 olim
633 872 744 899 arabice
761 872 937 906 conscriptus
955 876 1042 906 atque
1061 872 1162 899 deinde
1185 881 1202 899 a
1223 872 1351 900 Roberto
1375 873 1527 905 Cestrensi,
1547 872 1574 900 in

150 923 162 945 s
174 918 291 946 ciuitate
306 918 465 946 Secobiensi
478 926 552 945 anno
570 919 647 952 1183,
662 921 696 944 vt
709 917 806 951 fertur,
822 917 911 944 latino
926 917 1046 945 sermoni
1060 917 1192 945 donatus.

473 1049 604 1078 LIBER
632 1048 861 1079 ALGEBRAE
893 1049 948 1078 ET
978 1048 1272 1078 ALMUCABOLA

213 1133 301 1162 Liber
315 1133 458 1170 Algebrae
473 1136 499 1162 et
513 1132 719 1169 Almucabola,
736 1132 772 1161 de
787 1132 1009 1170 quaestionibus
1025 1131 1218 1161 arithmeticis
1233 1136 1259 1161 et
1274 1132 1466 1170 geometricis.

211 1182 249 1211 In
271 1182 395 1211 nomine
411 1182 460 1211 dei
476 1181 519 1219 pii
535 1186 566 1211 et
582 1181 786 1210 misericordis
802 1180 912 1218 incipit
934 1180 1010 1210 liber
1033 1181 1283 1210 Restaurationis
1305 1186 1337 1210 et
1360 1181 1573 1220 Oppositionis

170 1232 290 1261 numeri
300 1242 393 1270 quem
402 1231 519 1262 aedidit
531 1231 704 1267 Mahomet,
718 1230 798 1260 filius
814 1230 898 1260 Mosi
907 1230 1093 1268 Algaurizin.
1137 1230 1225 1260 Dixit
1238 1231 1412 1268 Mahomet‚
1424 1231 1506 1261 Laus
1516 1232 1573 1261 deo

135 1296 161 1311 10
171 1282 310 1318 creatori,
324 1281 377 1319 qui
389 1281 506 1310 homini
519 1281 651 1310 contulit
664 1280 825 1310 scientiam
836 1280 1013 1310 inueniendi
1025 1280 1090 1309 vim
1102 1290 1309 1310 numerorum.
1367 1281 1573 1311 considerans

169 1332 252 1361 enim
266 1341 356 1361 omne
371 1331 403 1361 id
418 1341 479 1369 quo
493 1331 633 1369 indigent
648 1330 796 1366 homines,
812 1340 849 1359 ex
863 1330 998 1359 numeris
1013 1330 1166 1368 componi,
1182 1330 1286 1360 inueni
1300 1330 1377 1360 illud
1391 1336 1494 1360 toturn
1508 1341 1572 1361 esse

169 1391 342 1417 numerum,
355 1386 386 1410 et
399 1381 503 1410 inueni
516 1380 591 1410 nihil
604 1380 688 1410 aliud
700 1390 764 1410 esse
777 1390 950 1416 numerum,
964 1379 1022 1409 nisi
1034 1380 1119 1418 quod
1130 1390 1166 1410 ex
1178 1380 1353 1410 vnitatibus
1366 1381 1571 1419 componitur.

169 1431 280 1461 Vnitas
297 1441 367 1469 ergo
384 1431 416 1460 in
432 1430 517 1460 omni
534 1440 661 1460 numero
679 1429 838 1468 reperitur.
881 1429 991 1459 Inueni
1008 1434 1115 1459 autem
1131 1440 1255 1460 omnem
1271 1441 1435 1460 numerum
1451 1431 1496 1460 ita
1513 1430 1573 1460 dis-

168 1481 316 1519 positum,
335 1485 370 1511 vt
389 1480 488 1510 omnis
507 1490 652 1509 numerus
670 1480 824 1509 vnitatem
842 1479 961 1509 excedit
980 1490 1077 1518 vsque
1095 1480 1135 1509 ad
1153 1480 1268 1517 decem,
1288 1481 1431 1510 denarius
1450 1490 1572 1519 quoque

133 1545 158 1565 ις
169 1541 315 1560 numerus
335 1531 375 1560 ad
396 1530 523 1560 modum
539 1530 670 1559 vnitatis
685 1529 869 1567 disponitur,
887 1529 968 1559 vnde
984 1534 1015 1559 et
1031 1529 1209 1568 duplicatur
1224 1535 1255 1559 et
1272 1530 1455 1568 triplicatur,
1467 1541 1572 1569 quem-

168 1581 339 1610 admodum
368 1581 487 1610 factum
510 1590 581 1609 curn
603 1580 734 1609 vnitate.
779 1579 934 1617 Fiuntque
957 1589 993 1608 ex
1015 1579 1080 1609 eius
1098 1579 1319 1618 duplicatione,
1346 1590 1398 1609 20:
1420 1585 1451 1610 et
1475 1580 1572 1618 tripli-

169 1630 301 1666 catione,
312 1641 359 1668 30.
384 1631 425 1659 Et
438 1630 480 1659 sic
493 1629 729 1667 multiplicando
745 1629 905 1659 denarium
917 1639 1091 1665 numerum,
1104 1630 1144 1659 ad
1157 1630 1369 1660 centenarium
1381 1630 1571 1668 peruenitur.

168 1681 219 1710 Ita
239 1680 432 1710 centenarius
452 1690 597 1709 numerus
618 1679 794 1717 duplicatur
813 1684 844 1708 et
865 1679 1048 1717 triplicatur,
1070 1679 1149 1709 sicut
1169 1679 1312 1709 denarius
1332 1690 1487 1710 numerus.
1530 1681 1571 1710 Et

168 1731 210 1760 sic
234 1730 446 1760 centenarium
470 1740 633 1759 numerum
657 1729 843 1767 duplicando
867 1734 898 1758 et
923 1729 1107 1767 triplicando
1131 1734 1189 1759 etc.
1215 1729 1403 1759 millenarius
1426 1730 1571 1760 excrescit

131 1796 158 1811 20
168 1790 323 1810 numerus.
366 1780 416 1809 Ad
430 1780 512 1809 hunc
522 1780 650 1809 modurn
660 1789 824 1809 numerum
834 1778 1039 1808 millenarium
1047 1780 1216 1810 secundum
1223 1779 1362 1809 ordinem
1373 1790 1570 1810 numerorum

168 1830 413 1868 multiplicando,
435 1839 532 1867 vsque
553 1829 593 1859 ad
613 1829 768 1858 infinitam
792 1828 911 1858 numeri
932 1828 1203 1866 inuestigationem
1223 1830 1411 1867 peruenitur.

208 1881 320 1909 Postea
342 1879 447 1909 inueni
468 1889 632 1909 numerum
653 1878 887 1909 restaurationis
911 1883 942 1907 et
966 1878 1170 1916 oppositionis
1193 1879 1239 1908 his
1263 1879 1362 1909 tribus
1385 1880 1484 1909 modis
1507 1890 1571 1910 esse

208 1970 257 1990 1—6.
275 1975 317 1990 om.
329 1968 405 1990 VDR.
938 1968 970 1988 πό.
988 1970 1023 1989 est
1037 1974 1063 1989 ex
1077 1970 1117 1993 pro
1131 1974 1184 1989 cum
1198 1967 1273 1989 VDR.
1336 1968 1386 1990 eius
1399 1975 1441 1990 om.
1456 1968 1484 1990 V.
1548 1972 1571 1990 et

207 2012 227 2032 7.
245 2005 313 2027 Liber
338 2023 342 2027 .
361 2023 365 2027 .
384 2023 389 2027 .
406 2004 552 2031 geometricis
574 2011 617 2026 om.
641 2004 699 2030 VD;
734 2004 758 2029 -l-
773 2004 841 2025 Prae-
895 2004 919 2028 -l-
931 2011 957 2026 ex
969 2004 1045 2026 VDR.

167 2043 226 2065 satio
238 2043 267 2064 R.
935 2047 967 2067 17.
985 2041 1130 2068 duplicando
1143 2042 1220 2064 VDR.
1317 2046 1414 2065 centum
1427 2043 1473 2065 DR
1491 2043 1514 2067 -l-
1531 2042 1569 2065 alii

207 2082 227 2102 8.
245 2081 284 2102 et1
297 2087 339 2101 om.
353 2080 383 2101 D.
447 2079 626 2101 instauracionis
638 2079 668 2100 D.
894 2082 1020 2101 centenum
1035 2079 1059 2100 in
1074 2086 1142 2105 marg.
1162 2079 1184 2100 D
1201 2086 1261 2101 man.
1277 2087 1301 2105 2;
1326 2083 1451 2101 centenum
1471 2080 1491 2102 V
1505 2083 1524 2102 ec
1537 2080 1570 2102 sic

206 2126 227 2143 9.
246 2117 377 2139 Mahumed
418 2117 478 2138 filius
518 2116 593 2142 moysi
634 2116 769 2142 algaurizirn
809 2115 842 2141 V;
894 2115 981 2142 ubique.

168 2155 313 2177 Machumed
332 2154 392 2176 filius
410 2154 484 2180 moysi
503 2153 630 2180 algaurizm
648 2154 684 2179 D;
712 2153 842 2175 Mahumed
936 2154 968 2175 18.
986 2153 1036 2175 Ita:
1058 2154 1158 2176 Proinde
1169 2154 1227 2180 VD;
1248 2154 1303 2176 Post
1316 2154 1412 2176 modum
1424 2155 1452 2176 R.
1516 2162 1567 2177 cen-

168 2192 228 2214 filius
248 2192 340 2218 Moysis
360 2191 494 2218 algaorizim
514 2192 543 2213 R.
604 2191 729 2213 Mahornet
738 2192 759 2212 2;
789 2191 842 2212 Ma·
894 2194 963 2212 tenus
975 2191 1005 2212 D.
1069 2195 1092 2213 et
1104 2199 1147 2213 om.
1160 2191 1187 2213 V.
1251 2192 1310 2213 sicut
1323 2192 1432 2214 denarius
1445 2199 1569 2214 numerus:

167 2229 254 2251 humed
266 2229 321 2255 vR;
342 2229 482 2251 machumed
494 2229 524 2250 D.
894 2228 924 2250 ad
939 2228 1035 2250 modum
1048 2226 1094 2250 10⁶⁶
1111 2228 1145 2255 (=
1159 2229 1253 2255 decimi)
1268 2229 1301 2254 V;
1324 2229 1354 2251 ad
1368 2229 1464 2251 modum
1479 2230 1569 2252 numeri

208 2274 241 2288 10.
260 2267 357 2288 creatori
369 2274 411 2288 om.
425 2266 452 2288 V.
894 2265 977 2287 decimi
990 2266 1011 2287 D
1023 2269 1042 2287 et
1054 2266 1077 2287 in
1090 2273 1158 2292 marg⁴
1171 2274 1231 2288 man.
1245 2274 1255 2287 2
1268 2266 1306 2288 alii
1318 2266 1411 2292 decem;
1432 2266 1461 2288 ad
1473 2266 1569 2288 modum

208 2311 242 2325 11.
260 2311 286 2325 ex
309 2311 406 2325 numero
428 2303 505 2325 VDR.
568 2303 676 2330 componi
699 2310 742 2325 om.
766 2302 842 2325 VDR.
894 2302 1009 2324 decenarii
1022 2303 1111 2325 numeri
1125 2304 1153 2325 R.

167 2341 190 2363 id
202 2344 242 2367 pm
254 2341 311 2363 illud
322 2341 349 2362 V.
935 2348 968 2366 19-
986 2340 1100 2362 decenum
1121 2344 1161 2367 pro
1182 2341 1342 2363 centenarium
1363 2341 1406 2363 VD
1428 2344 1447 2363 ct
1467 2348 1522 2363 corr.
1543 2341 1568 2363 in

208 2386 241 2400 12.
260 2378 328 2400 exlun
343 2378 378 2404 (?)
393 2378 433 2400 scd
446 2378 488 2400 del.
502 2381 542 2404 pro
555 2381 577 2400 et
591 2378 621 2399 D.
685 2377 716 2399 nil
730 2378 758 2399 R.
894 2381 1019 2399 centenum
1034 2378 1056 2399 D
1073 2386 1133 2400 man.
1151 2385 1170 2400 2.
1233 2378 1373 2405 triplicando
1388 2378 1567 2405 multiplicando

208 2423 242 2441 13.
259 2423 353 2437 omnem
380 2423 423 2437 om.
452 2415 482 2437 D.
524 2415 557 2437 ita
570 2416 594 2440 ἦ-
605 2415 761 2437 essentialiter
785 2415 842 2441 VD;
894 2415 1038 2442 duplicando
1053 2415 1080 2437 V.
1148 2419 1191 2438 etc.
1206 2423 1249 2437 om.
1263 2416 1339 2437 VDR.
1393 2415 1501 2438 millenus
1514 2416 1567 2438 VD.

169 2454 194 2478 -Ι-
206 2453 334 2475 necessario
347 2453 375 2474 R.
934 2460 968 2474 20.
986 2452 1048 2474 hunc
1061 2454 1085 2478 -l-
1096 2460 1150 2479 ergo
1181 2453 1257 2475 VDR,
1320 2452 1427 2475 millenus
1458 2460 1569 2475 numerus

208 2498 242 2516 14.
274 2490 390 2512 vnitatem
424 2497 478 2512 corr.
512 2497 537 2512 ex
570 2490 649 2512 vnitas
678 2490 700 2511 D
729 2497 791 2512 man.
822 2497 841 2512 2.
894 2489 924 2512 ad
935 2490 1017 2512 modos
1028 2490 1086 2516 VD;
1106 2490 1249 2512 millenarius
1260 2497 1370 2512 numerus
1381 2490 1411 2512 ad
1423 2490 1508 2513 modos
1520 2491 1548 2512 R.

167 2527 263 2549 excedat
277 2527 352 2549 VDR.
416 2527 516 2550 decenus
529 2531 569 2554 pro
582 2527 691 2549 denarius
699 2527 747 2554 sere
760 2527 842 2554 ubique
934 2535 968 2549 21.
986 2527 1165 2555 multiplicando
1199 2535 1242 2550 om.
1278 2528 1355 2550 VDR.
1417 2527 1502 2550 infiniti
1538 2528 1558 2549 V

168 2565 200 2590 V;
222 2564 326 2586 decimus
339 2564 418 2591 ubique
431 2565 466 2591 D;
489 2564 624 2587 decenarius
637 2565 716 2591 ubique
730 2565 758 2586 R.
893 2565 983 2587 numeri
993 2572 1036 2587 om.
1047 2565 1075 2587 V.
1131 2565 1276 2588 conuertitur
1286 2569 1326 2592 pro
1336 2565 1472 2592 peruenitur
1490 2565 1559 2587 VDR

209 2609 242 2628 15.
260 2602 289 2624 ad
304 2602 328 2624 in
343 2609 412 2628 marg.
427 2602 449 2624 D
465 2609 525 2624 man.
542 2609 553 2623 2
568 2606 608 2628 pro
622 2609 649 2624 ex
663 2602 704 2624 del.
767 2602 842 2630 tripli-
933 2610 968 2624 22.
986 2602 1030 2625 hiis
1042 2602 1072 2624 D.

167 2642 235 2661 catur
247 2640 271 2664 -l-
283 2642 306 2661 et
318 2639 349 2661 D.

856 2684 888 2708 66
