1780 2995
226 244 266 284 96
564 245 683 272 LIBER
710 244 920 272 ALGEBRAE
947 245 998 272 ET
1025 245 1294 273 ALMUCABOLA

266 337 296 366 Si
316 341 421 366 autern
441 336 561 373 dixerit,
582 336 687 366 decem
707 340 737 365 et
756 346 803 365 res
823 346 893 365 curn
912 346 944 365 re
963 336 1027 365 sine
1050 346 1094 373 10,
1114 340 1268 374 quantum
1287 337 1473 375 procreant?
1515 337 1574 367 Dic
1597 348 1632 366 10

226 397 296 416 cum
312 396 343 415 re
359 386 576 424 multiplicata,
596 396 630 414 10
646 396 692 415 res
707 390 872 423 generant;
899 390 930 415 et
945 395 992 415 res
1008 395 1078 415 cum
1094 396 1135 422 re,
1151 386 1360 416 substantiam
1375 391 1501 424 generat
1517 387 1632 416 adden-

226 437 307 465 dam.

351 436 432 465 Item
453 446 488 464 10
505 445 575 465 cum
593 435 657 465 sine
678 446 722 472 10,
745 446 799 464 100
816 435 978 464 drachmas
995 440 1158 473 procreant
1176 436 1419 472 subtrahendas;
1449 441 1480 466 et
1498 447 1543 466 res
1561 447 1631 466 cum

226 486 290 515 sine
316 496 351 514 10
374 485 580 524 multiplicata
603 495 649 514 res
676 496 710 514 10
733 489 858 523 generat
881 485 1105 515 diminuendas.

1149 485 1243 515 Dicas
1266 496 1336 523 ergo
1360 486 1443 524 quod
1466 486 1541 516 haec
1564 490 1632 516 tota

202 549 214 569 5
226 546 346 565 summa
362 545 460 574 vsque
476 535 516 564 ad
532 546 626 564 vnam
642 535 860 571 substantiam,
881 545 935 564 100
951 535 1105 564 drachmis
1121 535 1259 572 abiectis,
1276 546 1340 565 sese
1356 536 1512 565 extendat.

266 586 296 615 Si
310 591 415 615 autem
428 585 496 624 quis
508 585 628 621 dixerit,
642 585 747 614 decem
760 585 924 614 drachmae
937 590 967 614 et
980 585 1022 614 rei
1034 585 1183 614 medietas
1195 595 1266 615 curn
1278 585 1445 615 medietate
1457 585 1632 622 drachmae,

226 636 362 674 quinque
382 636 473 665 rebus
493 635 631 671 abiectis,
653 635 887 673 multiplicatae,
909 639 1062 673 quantum
1082 636 1268 673 procreant?

1311 635 1415 671 Dicas,
1437 635 1541 665 decem
1562 645 1632 665 cum

226 686 393 715 medietate
416 685 581 714 drachmae
605 685 821 723 multiplicata,
848 693 862 723 5
887 685 1050 714 drachmas
1073 689 1246 723 procreant,
1271 689 1302 714 et
1325 685 1474 714 medietas
1497 685 1539 714 rei
1563 695 1632 714 cum

226 735 393 765 medietate
405 735 580 771 drachmae,
594 739 739 773 quartam
752 734 793 764 rei
806 739 947 772 procreat
959 734 1145 764 addendam.

188 799 215 813 10
226 785 442 823 multiplicata,
471 793 508 823 50
532 789 695 823 procreant
721 795 767 814 res
793 784 1017 814 diminuendas.

1188 735 1270 764 Item
1289 745 1324 763 10
1341 745 1411 764 cum
1428 735 1492 764 sine
1510 744 1524 773 5
1542 735 1633 764 rebus

1061 784 1148 814 Vnde
1175 789 1242 814 tota
1267 784 1343 814 haec
1368 785 1633 823 multiplicationis

226 845 347 864 summa
368 835 408 864 ad
431 843 446 873 5
469 834 641 871 drachmas,
664 844 701 872 49
723 834 813 864 rebus
835 839 865 864 et
887 834 986 864 tribus
1008 834 1126 872 quartis
1148 834 1238 863 vnius
1259 834 1301 863 rei
1323 834 1450 864 abiectis
1472 839 1632 864 excrescet.

226 885 338 914 Postea
359 884 526 914 medietate
546 884 588 913 rei
609 894 679 913 cum
699 884 763 913 sine
785 893 799 922 5
821 884 911 913 rebus
932 884 1148 922 multiplicata,
1169 884 1249 913 duae
1269 884 1462 913 substantiae
1482 889 1512 913 et
1533 884 1634 913 media

225 935 435 972 producentur
454 934 682 963 diminuendae.

725 934 807 963 Tota
826 933 919 971 igitur
938 934 1204 972 multiplicationis
1224 944 1345 963 summa
1365 934 1404 963 ad
1425 943 1440 971 5
1461 934 1633 970 drachmas,

226 985 347 1014 duabus
363 984 546 1013 substantiis
562 988 592 1013 et
608 983 710 1013 media
724 993 780 1013 nec
795 993 857 1013 non
873 983 967 1013 etiam
982 993 1020 1021 49
1036 983 1126 1013 rebus
1142 988 1173 1013 et
1189 983 1288 1013 tribus
1304 983 1344 1013 rei
1362 983 1480 1022 quartis
1496 983 1633 1020 abiectis,

189 1047 214 1067 15
227 1039 387 1064 excrescet.

266 1085 307 1113 Et
327 1084 351 1113 si
370 1084 490 1119 dixerit,
510 1083 616 1113 decem
635 1088 666 1112 et
685 1093 732 1112 res
751 1093 821 1112 cum
840 1093 871 1112 re
890 1083 1007 1121 absque
1029 1093 1064 1112 10
1083 1083 1299 1121 multiplicata,
1320 1087 1473 1121 quantum
1492 1083 1634 1112 faciunt?

227 1135 283 1163 Est
305 1134 393 1172 quasi
414 1134 538 1169 diceres,
555 1144 601 1162 res
622 1138 653 1162 et
677 1143 712 1162 10
733 1143 803 1162 cum
824 1143 855 1162 re
876 1133 940 1162 sine
958 1143 1002 1162 10.

1044 1133 1133 1163 Vnde
1154 1133 1196 1162 sic
1216 1133 1419 1171 respondeas:
1446 1143 1492 1162 res
1513 1143 1583 1162 cum
1603 1143 1635 1162 re

226 1184 444 1222 multiplicata,
463 1183 673 1213 substantiam
691 1187 834 1220 generat;
869 1187 900 1212 et
921 1192 957 1211 10
974 1178 1045 1212 cum
1060 1193 1101 1220 re,
1121 1193 1156 1212 10
1171 1183 1288 1212 radices
1302 1187 1450 1220 generant
1466 1182 1633 1212 addendas.

226 1235 307 1264 Item
328 1244 374 1263 res
396 1244 466 1263 cum
486 1233 550 1263 sine
574 1244 609 1262 10
629 1233 846 1271 multiplicata,
871 1243 906 1262 10
926 1243 972 1262 res
992 1237 1134 1271 procreat
1155 1232 1380 1262 diminuendas.

1422 1232 1510 1262 Vnde
1534 1243 1568 1261 10
1588 1242 1635 1262 res

187 1298 215 1314 20
226 1284 365 1313 adiectae
380 1288 410 1313 et
429 1294 463 1313 10
477 1294 523 1313 res
539 1283 710 1312 diminutae
725 1293 778 1312 seu
792 1283 925 1319 ablatae,
941 1293 1011 1312 curn
1025 1283 1110 1321 prius
1126 1287 1250 1312 tantum
1266 1282 1383 1312 tribuat
1398 1287 1551 1320 quantum
1565 1292 1635 1320 pos-

227 1334 321 1364 terius
340 1334 451 1370 aufert,
472 1333 647 1371 negligunt;
678 1337 708 1362 et
727 1332 910 1371 relinquitur
929 1333 1105 1362 substantia
1124 1333 1197 1362 sola.

230 1394 284 1413 100
297 1383 459 1413 drachmas
471 1387 619 1421 generant
632 1393 667 1412 ex
679 1383 763 1412 omni
775 1382 951 1412 substantia
964 1382 1188 1412 diminuendas.

1246 1332 1340 1361 Porro
1362 1342 1396 1361 10
1415 1342 1485 1362 cum
1504 1332 1568 1361 sine
1589 1342 1633 1368 10,

1231 1383 1313 1412 Tota
1329 1382 1422 1420 igitur
1439 1381 1514 1412 haec
1530 1381 1634 1411 multi-

226 1434 352 1472 plicatio
368 1433 407 1462 ad
422 1433 641 1469 substantiam,
660 1443 714 1461 100
729 1432 882 1462 drachmis
897 1432 1035 1469 abiectis,
1051 1432 1236 1462 extenditur.

494 1518 633 1548 CAPUT
663 1518 942 1548 ADIECTIONIS
974 1518 1028 1546 ET
1058 1517 1372 1547 DIMINUTIONIS

267 1585 431 1615 Sciendum
451 1590 506 1621 est,
527 1585 611 1623 quod
629 1585 728 1614 omnis
747 1585 833 1614 radix
849 1584 1043 1614 substantiae
1058 1584 1235 1622 propositae
1251 1588 1297 1613 est
1313 1584 1436 1622 ignota;
1458 1583 1635 1622 duplicatur

227 1636 321 1666 etiam
339 1640 369 1665 et
388 1635 562 1674 triplicatur
578 1639 609 1664 et
625 1639 714 1671 caet.,
728 1639 823 1673 atque
838 1644 874 1663 ex
889 1634 984 1672 ipsius
1000 1634 1209 1672 duplicatione
1225 1638 1256 1663 et
1272 1634 1478 1672 triplicatione
1494 1644 1564 1663 cum
1580 1643 1634 1663 sua

227 1685 403 1715 substantia
426 1685 495 1714 talis
518 1685 654 1714 nascitur
676 1694 821 1714 numerus
843 1684 928 1714 cuius
950 1684 1093 1713 videlicet
1115 1694 1177 1713 vna
1199 1684 1285 1713 radix
1307 1683 1428 1713 duabus
1450 1683 1514 1712 siue
1537 1683 1634 1713 tribus

227 1736 381 1765 radicibus
408 1745 480 1764 suae
506 1734 700 1764 substantiae
726 1734 955 1772 aequiparatur.

227 1785 518 1823 multiplicationem
540 1784 658 1814 numeri
680 1794 773 1822 supra
794 1784 948 1813 vnitatem
970 1784 1152 1813 naturaliter
1174 1783 1324 1822 dispositi.

267 1857 286 1872 1.
304 1850 376 1872 Dicas
387 1857 423 1871 res
434 1849 457 1871 in
471 1857 504 1871 10.

267 1895 286 1909 2.
303 1890 406 1913 generat.
470 1893 505 1908 res
516 1886 539 1908 in
551 1893 575 1908 re
587 1887 611 1911 -k-
623 1885 695 1908 ducta
709 1885 820 1912 (deducta
831 1885 873 1912 D).

265 1932 286 1950 3.
304 1927 327 1946 et
348 1924 397 1945 sine
418 1931 444 1945 10
461 1924 484 1945 in
507 1931 534 1945 10
546 1924 570 1948 4-
582 1923 691 1945 deducta.
754 1923 904 1946 diminutiua.

228 1962 276 1984 sine
292 1962 355 1987 (cum
367 1961 399 1985 D)
416 1969 441 1982 ιο
453 1961 476 1982 in
487 1968 518 1982 re.

266 2007 286 2026 4.
304 1998 438 2020 substantia
456 1998 545 2025 absque
564 2005 612 2023 100,
631 1997 663 2019 illi
683 1997 715 2023 (id
733 1997 766 2023 D)
785 2005 839 2019 cum
858 2005 904 2024 quo

226 2036 357 2063 opposuisti
373 2039 473 2062 equatur
492 2036 630 2062 (coequatur
647 2035 689 2060 D).
722 2034 790 2061 Quod
808 2034 830 2056 id
845 2034 904 2056 circo

226 2073 357 2099 contingere
367 2073 460 2095 videtur
471 2073 527 2100 quia
538 2071 655 2099 proiecisti
667 2079 694 2093 10
705 2078 741 2093 res
751 2071 904 2093 diminutiuas

228 2117 280 2131 curn
304 2117 330 2130 10
350 2109 419 2130 rebus
441 2109 476 2134 (-{-
489 2113 511 2130 et
530 2109 561 2134 D)
580 2108 709 2130 adiectiuis.
742 2108 810 2131 Unde
830 2109 903 2130 eciam

228 2146 361 2168 substantia
394 2146 482 2172 absque
514 2153 555 2167 100
582 2145 744 2172 dragmatibus
776 2146 903 2172 permansit

228 2187 267 2210 pro
279 2184 342 2210 quod
354 2183 410 2205 haec
423 2202 427 2205 .
447 2201 450 2205 .
470 2201 473 2204 .
486 2183 605 2205 extendat.

267 2228 331 2247 7-10.
350 2221 514 2247 multiplicata,
535 2225 651 2248 quantum
672 2224 802 2247 procreant.
834 2221 905 2243 Dicas

228 2258 341 2280 medietas
362 2258 491 2284 dragmatis
513 2258 536 2279 in
560 2266 586 2280 10
607 2258 678 2280 ducta
700 2257 868 2284 dragmatibus.
891 2265 902 2284 5

227 2295 351 2322 dragmata
368 2298 505 2322 progenerat
522 2296 686 2322 (progenerant
703 2295 736 2320 D)
753 2299 776 2317 et
791 2295 904 2317 medietas

227 2333 357 2359 dragmatis
368 2333 391 2354 in
402 2333 433 2354 rei
444 2332 571 2355 medietate
583 2333 743 2357 (medietatem
752 2333 785 2358 D)
794 2332 902 2357 deducta.

227 2374 337 2396 quartam
348 2370 379 2392 rei
389 2374 494 2397 procreat
508 2371 639 2397 (procreant
650 2371 682 2394 D)
693 2370 814 2394 adiectiue.
824 2374 845 2392 et
856 2370 904 2391 sine

231 2415 256 2428 10
272 2407 341 2429 rebus
357 2407 380 2429 in
400 2415 426 2429 10
443 2407 625 2434 multiplicatum
643 2407 811 2434 dragmatibus.
825 2414 853 2433 50
869 2414 904 2429 res

228 2448 333 2471 procreat
347 2444 508 2467 diminutiuas.
542 2445 610 2467 Unde
622 2448 652 2466 et,

269 2490 302 2503 υ.
321 2483 349 2508 36
360 2485 399 2508 pro
411 2490 439 2509 49
450 2482 490 2504 bis.
554 2482 671 2504 excrescit.

269 2527 302 2541 12.
321 2520 406 2542 Postea
434 2519 565 2546 multiplica
593 2519 745 2541 medietatem
774 2519 904 2545 dragmatis

228 2556 317 2583 absque
328 2564 338 2583 5
352 2557 420 2578 rebus
431 2557 454 2578 in
466 2556 617 2579 medietatem
630 2557 661 2578 rei
673 2556 788 2578 adiectiue
800 2556 904 2583 fientque

228 2593 273 2615 due
286 2593 418 2616 substantie
429 2597 452 2616 et
465 2593 569 2616 medium
581 2593 730 2616 diminutiue.

1009 1733 1099 1771 Quod
1125 1738 1228 1763 totum
1254 1733 1375 1762 euenire
1401 1733 1524 1762 videtur
1549 1733 1634 1762 iuxta

1368 1783 1451 1812 Nam
1472 1783 1497 1812 si
1518 1783 1634 1812 radices

996 1856 1030 1874 13.
1048 1848 1191 1870 diminutiua
1202 1855 1257 1869 corr.
1271 1848 1296 1870 in
1308 1847 1475 1869 diminuendae
1487 1847 1514 1869 C.

997 1892 1030 1912 17.
1048 1889 1071 1907 et
1091 1889 1131 1912 pro
1152 1886 1193 1907 Est
1214 1885 1244 1907 D.
1307 1885 1402 1907 diceret.
1465 1885 1514 1906 sine
1538 1892 1564 1906 10
1581 1902 1586 1906 .
1605 1902 1609 1906 .
1628 1902 1633 1906 .

956 1923 1114 1950 multiplicata
1127 1923 1149 1944 in
1164 1930 1232 1948 marg.
1246 1922 1268 1944 D
1281 1930 1342 1944 man.
1356 1930 1375 1943 2.

998 1961 1030 1982 18.
1049 1967 1072 1982 re
1086 1961 1109 1985 -l-
1122 1959 1288 1986 multiplicata.
1354 1967 1380 1981 10
1392 1966 1434 1981 res.
1497 1959 1633 1981 adiectiuas.

997 2005 1030 2024 19.
1048 2001 1070 2019 et
1083 1997 1131 2019 sine
1143 2004 1166 2019 re
1180 1997 1203 2022 (x
1214 1997 1247 2023 D)
1260 1997 1283 2019 in
1295 2004 1325 2019 re.
1389 1996 1550 2018 diminutiuas.

997 2042 1076 2061 19—22.
1094 2034 1156 2056 unde
1175 2035 1210 2060 Η-
1223 2041 1247 2056 re
1262 2034 1286 2056 in
1305 2041 1346 2056 100
1363 2037 1473 2060 supcrssr.
1491 2034 1513 2055 D
1531 2041 1591 2055 man.
1610 2033 1631 2059 2)

957 2072 1076 2094 adiectiua
1090 2079 1143 2094 cum
1158 2071 1306 2094 diminutiuis
1320 2071 1473 2093 adnullantur
1489 2071 1634 2097 (adnullatur

959 2109 992 2135 D)
1006 2113 1029 2131 et
1046 2112 1150 2131 remanet
1166 2109 1306 2133 substantia,
1320 2116 1346 2131 ac
1360 2116 1386 2130 10
1398 2109 1420 2130 in
1435 2109 1484 2130 sine
1498 2116 1523 2130 10
1541 2116 1582 2130 100
1595 2116 1633 2135 ge-

956 2150 1068 2168 nerantur
1081 2154 1108 2168 ex
1122 2146 1186 2168 omni
1199 2146 1333 2168 substantia
1346 2146 1496 2168 diminutiua.

996 2192 1029 2210 23-
1047 2184 1182 2206 extenditur
1195 2185 1219 2209 -ἦ-
1232 2184 1262 2206 Et
1292 2187 1410 2210 quotquot
1443 2183 1568 2210 (quidquid
1597 2183 1630 2209 D)

956 2221 1025 2243 fuerit
1042 2221 1065 2243 in
1082 2221 1280 2248 multiplicatione
1297 2221 1415 2243 adiectum
1433 2228 1472 2242 seu
1489 2220 1632 2242 diminutum

956 2266 1046 2285 semper
1059 2259 1081 2280 in
1094 2258 1160 2280 lance
1174 2258 1289 2280 consimili
1303 2258 1432 2285 apponitur
1444 2258 1467 2280 id
1480 2261 1515 2280 est
1528 2258 1546 2280 si
1559 2265 1632 2280 unum

955 2296 1024 2318 fuerit
1039 2296 1184 2318 adiectiuum
1199 2295 1300 2318 alterum
1314 2296 1357 2317 erit
1371 2295 1547 2317 diminutiuum.

995 2341 1029 2360 24.
1050 2333 1150 2355 Titulum
1166 2333 1283 2355 Radicum
1297 2333 1435 2359 algorismus
1447 2333 1480 2359 V;
1502 2340 1544 2354 om.
1558 2332 1589 2354 D.

996 2378 1030 2396 25.
1049 2378 1120 2397 quam
1139 2371 1170 2396 V;
1197 2370 1293 2397 quando
1310 2370 1332 2392 D
1350 2374 1390 2397 pro
1407 2369 1478 2397 quod.
1542 2377 1581 2392 seu
1598 2369 1630 2395 V:

955 2407 1004 2430 siue
1014 2408 1036 2429 D
1048 2411 1088 2434 pro
1100 2412 1133 2430 est
1142 2409 1158 2430 ².
1221 2407 1307 2434 ignote.

995 2446 1029 2467 26.
1047 2449 1088 2467 aut
1106 2449 1145 2472 pro
1163 2445 1235 2467 etiam
1253 2449 1283 2467 et.

995 2489 1029 2508 27.
1047 2482 1181 2504 substantia
1195 2484 1218 2507 4-
1231 2482 1433 2509 multiplicatione.

995 2520 1029 2541 28.
1047 2527 1087 2542 seu
1098 2520 1130 2545 V;
1150 2520 1199 2542 siue
1209 2520 1231 2541 D
1243 2523 1283 2546 pro
1294 2527 1357 2542 suae.
1420 2519 1589 2546 equiparantur
1599 2518 1630 2540 D.

995 2564 1029 2583 29.
1047 2564 1116 2584 super
1128 2557 1177 2579 sola
1190 2557 1283 2579 unitate
1294 2557 1327 2582 V;
1349 2564 1417 2583 super
1429 2556 1502 2578 solam
1514 2555 1630 2578 unitatem

956 2594 987 2615 D.
1051 2594 1114 2616 Nam
1127 2595 1151 2618 ⁴}-
1163 2598 1194 2616 et.
1257 2593 1366 2616 radicem.

1347 2448 1373 2467 ut
1391 2448 1430 2471 pro
1448 2448 1527 2471 atque.

1512 2485 1626 2504 nascatur.
