1780 2995
236 238 274 277 78
570 237 689 264 LIBER
716 235 928 263 ALGEBRAE
956 235 1007 262 ET
1033 234 1301 262 ALMUCABOLA

212 345 221 359 1
233 339 361 360 numero
374 338 571 359 numerorum
584 326 902 366 multiplicauerimus,
915 330 991 356 tunc
1006 326 1063 356 hoc
1073 325 1157 364 quod
1167 335 1203 355 ex
1216 324 1474 364 multiplicatione
1486 324 1638 363 colligitur

233 380 291 410 erit
307 389 452 409 numerus
468 378 606 408 radicum
618 377 712 407 radici
725 377 820 415 ipsius
832 376 951 406 numeri
967 376 1113 414 aequalis.
1157 375 1310 413 Quoniam
1323 385 1394 413 ergo
1406 375 1512 404 decem
1523 374 1639 404 radices

233 440 304 459 cum
320 428 496 459 substantia
511 427 767 467 pronunciantur,
784 431 929 465 quartam
945 426 1038 463 igitur
1056 430 1177 464 partem
1199 425 1317 454 numeri
1339 425 1445 454 decem
1460 424 1639 463 accipimus,

233 485 329 518 atque
336 479 502 517 vnicuique
511 478 600 507 lateri
607 477 753 516 quadrati
763 486 866 506 aream
874 475 1158 514 aequedistantium
1168 475 1300 505 laterum
1308 475 1501 513 applicamus
1508 484 1639 512 quarum

209 540 221 561 5
234 529 459 568 longitudinem
473 528 599 567 quidem
613 527 774 565 longitudo
788 526 933 564 quadrati
947 526 1047 564 primo
1061 525 1217 563 descripti,
1234 525 1433 554 latitudinem
1447 524 1520 554 vero
1533 524 1595 553 duo
1609 528 1639 553 et

233 579 406 614 dimidium,
424 589 504 617 quae
521 582 593 607 sunt
610 577 729 606 numeri
748 587 783 606 10
799 581 911 614 quarta
927 586 1008 614 pars,
1026 575 1250 605 demonstrant.
1294 575 1435 612 Quatuor
1447 574 1541 612 igitur
1553 583 1640 603 areae

234 630 366 659 laterum
386 627 669 667 aequedistantium
689 627 789 665 primo
806 626 960 664 quadrato
975 636 994 655 a
1012 626 1027 655 b
1044 625 1249 663 applicantur.
1293 625 1431 662 Quarum
1452 624 1640 661 singularum

234 679 395 717 longitudo
414 677 599 716 longitudini
616 676 707 706 vnius
726 676 836 705 radicis
852 675 998 714 quadrati
1013 685 1031 704 α
1049 675 1065 704 b
1081 675 1218 713 aequalis
1234 674 1302 710 erit,
1320 674 1455 703 latitudo
1470 673 1565 703 etiam
1582 673 1641 702 sin-

234 729 375 767 gularum
401 739 414 757 2
438 733 469 757 et
492 727 638 763 medium,
655 731 690 756 vt
713 726 775 756 iam
794 726 913 755 dictum
936 730 992 761 est,
1009 725 1212 755 demonstrat.
1256 725 1334 754 Sunt
1350 728 1456 753 autem
1472 723 1530 752 hae
1552 732 1641 752 areae

198 789 225 804 10
235 790 249 808 c
263 779 282 808 d
296 789 310 808 e
317 779 345 817 s.
388 779 435 807 Ex
449 778 507 807 hoc
521 777 614 815 igitur
629 776 712 815 quod
727 775 869 812 diximus,
886 775 925 805 sit
940 785 1011 805 area
1025 775 1158 804 laterum
1172 773 1392 812 inaequalium,
1408 783 1488 811 quae
1502 772 1642 802 similiter

234 833 394 867 ponuntur
411 828 527 865 ignota,
545 827 576 856 in
594 826 680 856 cuius
697 825 841 855 videlicet
859 829 993 863 quatuor
1010 825 1129 862 angulis
1147 834 1278 862 quorum
1291 823 1532 860 vniuscuiusque
1545 832 1641 860 quan-

235 879 310 908 titas
328 888 426 914 areae,
445 887 540 915 quam
560 887 573 905 2
593 881 623 905 et
641 876 805 905 dimidium
824 885 894 905 cum
913 875 1033 904 duobus
1051 879 1082 903 et
1099 874 1227 903 dimidio
1245 873 1451 911 multiplicata
1469 872 1642 910 perficiunt,

234 928 499 966 imperfectionem
525 926 650 956 maioris
677 936 730 955 seu
756 925 853 954 totius
879 934 968 954 areae
993 924 1172 953 ostendunt.
1220 923 1309 953 Vnde
1334 923 1370 952 fit
1396 927 1432 951 vt
1464 922 1642 951 circunduc-

235 979 352 1007 tionem
369 987 458 1006 areae
476 976 608 1012 maioris,
627 986 697 1005 cum
714 975 887 1005 adiectione
905 974 1037 1004 duorum
1055 978 1085 1003 et
1103 973 1223 1003 dimidii
1240 983 1308 1003 cum
1328 973 1449 1002 duobus
1467 977 1497 1001 et
1515 971 1643 1001 dimidio

198 1038 223 1059 15
235 1033 370 1066 quatuor
387 1027 507 1056 vicibus
524 1026 802 1064 multiplicatorum
818 1025 1037 1062 compleamus,
1053 1028 1178 1061 generat
1197 1028 1303 1052 autern
1318 1023 1394 1052 haec
1410 1027 1479 1051 tota
1495 1021 1643 1059 multipli-

235 1078 316 1107 catio
330 1088 343 1106 2
349 1086 374 1115 5.
418 1077 459 1106 Et
470 1076 532 1105 iam
544 1076 743 1105 manifestum
754 1080 810 1111 est,
823 1074 970 1113 quoniam
980 1074 1115 1112 primum
1126 1073 1325 1111 quadratum,
1337 1072 1420 1110 quod
1432 1071 1642 1101 substantiam

235 1127 397 1165 significat,
413 1131 444 1156 et
460 1131 594 1164 quatuor
610 1135 698 1155 areae
713 1125 815 1163 ipsum
831 1124 1019 1162 quadratum
1035 1123 1260 1159 circundantes,
1277 1133 1314 1160 39
1335 1121 1510 1160 perficiunt,
1530 1121 1643 1159 quibus

235 1177 361 1216 quando
390 1187 403 1205 2
410 1185 434 1214 5,
465 1176 523 1205 hoc
550 1180 596 1205 est
622 1179 757 1213 quatuor
784 1174 903 1203 minora
937 1173 1101 1212 quadrata,
1134 1183 1214 1210 quae
1240 1172 1355 1202 scilicet
1387 1181 1478 1209 super
1510 1175 1644 1209 quatuor

235 1227 364 1265 angulos
385 1225 530 1264 quadrati
550 1236 568 1254 a
589 1226 604 1254 b
624 1229 794 1263 ponuntur,
816 1223 1026 1259 adiecerimus,
1048 1223 1237 1261 quadratum
1258 1221 1367 1258 maius,
1388 1221 1413 1251 G
1433 1221 1465 1250 H
1485 1225 1643 1256 vocatum,

198 1289 226 1303 20
237 1276 488 1307 circunductione
510 1275 724 1314 complebitur.
767 1274 856 1304 Vnde
883 1273 977 1303 etiam
1004 1273 1079 1302 haec
1107 1277 1174 1302 tota
1196 1271 1316 1301 numeri
1343 1281 1463 1301 summa
1485 1279 1583 1309 Vsque
1604 1269 1643 1299 ad

237 1329 274 1363 64
288 1331 450 1362 excrescet,
465 1325 551 1355 cuius
565 1335 704 1355 summae
719 1324 853 1354 radicem
866 1323 1043 1353 octonarius
1057 1322 1178 1352 obtinet
1192 1331 1347 1358 numerus,
1362 1331 1424 1359 quo
1438 1320 1533 1350 etiam
1546 1330 1643 1349 vnum

236 1377 301 1407 eius
322 1377 404 1406 latus
421 1375 566 1414 compleri
582 1375 743 1413 probatur.
786 1374 886 1412 Igitur
902 1373 954 1402 vbi
978 1383 1014 1402 ex
1030 1382 1158 1402 numero
1174 1371 1333 1402 octonario
1355 1375 1501 1409 quartam
1522 1374 1643 1408 partem

236 1426 355 1456 numeri
368 1425 495 1461 denarii,
509 1425 588 1455 sicut
601 1425 631 1454 in
645 1423 894 1454 extremitatibus
906 1422 1051 1461 quadrati
1064 1421 1187 1452 maioris
1198 1421 1224 1451 G
1235 1421 1267 1450 H
1278 1425 1447 1460 ponuntur,
1459 1419 1643 1449 subtraxeri-

237 1487 306 1506 mus
319 1477 375 1512 bis,
390 1486 406 1514 3
421 1486 456 1505 ex
470 1475 565 1513 ipsius
578 1475 673 1504 latere
687 1474 867 1504 manebunt.
911 1473 1054 1511 Quinque
1067 1482 1138 1510 ergo
1158 1482 1192 1501 ex
1211 1476 1282 1501 octo
1298 1470 1476 1507 subtractis,
1490 1480 1506 1507 3
1522 1478 1644 1499 manere

201 1538 225 1559 25
238 1536 360 1556 necesse
379 1530 442 1560 est;
464 1535 545 1563 quae
563 1524 654 1554 simul
672 1524 726 1553 vni
744 1523 833 1553 lateri
852 1523 998 1561 quadrati
1019 1522 1120 1561 primi,
1140 1522 1224 1560 quod
1242 1526 1289 1551 est
1308 1531 1325 1550 α
1344 1521 1369 1557 b,
1389 1520 1643 1558 aequiparantur.

280 1577 366 1605 Haec
391 1575 484 1613 igitur
507 1585 524 1612 3
549 1574 695 1613 quadrati
719 1584 814 1602 vnam
840 1573 984 1609 radicem,
1011 1572 1069 1602 hoc
1093 1576 1140 1602 est
1164 1581 1259 1601 vnam
1289 1570 1424 1600 radicem
1451 1568 1644 1599 substantiae

277 1687 297 1701 1.
315 1679 405 1701 tollitur
417 1679 447 1700 D.

277 1724 297 1739 2.
315 1716 441 1739 consimilis
457 1719 496 1742 pro
516 1714 627 1742 aequalis.
688 1714 788 1741 Quando
800 1714 870 1740 igitur
880 1713 908 1735 V.

276 1762 298 1781 3.
315 1754 449 1776 substantia
466 1753 567 1780 primum
586 1760 613 1774 10
632 1752 680 1777 (xiii
702 1752 734 1777 D)
756 1751 844 1773 radices
865 1758 916 1777 pro-

238 1792 359 1819 posuimus
372 1793 420 1818 4am
434 1794 526 1817 partem
535 1790 624 1812 denarii
637 1789 660 1811 id
674 1793 708 1811 est
725 1788 823 1812 (numeri
838 1792 877 1815 pro
893 1787 916 1810 id

238 1833 272 1851 est
287 1830 320 1855 D)
336 1837 345 1850 2
363 1832 387 1851 et
404 1828 507 1850 medium
524 1827 666 1854 accipiemus
684 1826 810 1853 (accipiens
824 1826 857 1851 D)
876 1829 916 1852 pro

239 1866 372 1889 substantia
389 1884 393 1888 .
413 1884 416 1887 .
436 1884 440 1887 .
457 1865 592 1892 accipimus.

277 1912 298 1931 4.
316 1904 347 1926 At
361 1904 397 1929 (ac
408 1903 441 1928 D)
455 1903 529 1925 eciam
541 1901 666 1928 unicuique
678 1904 715 1928 40¹¹
729 1901 828 1922 laterum
840 1899 915 1922 rumbi

239 1942 307 1969 primi
315 1949 393 1963 aream
401 1940 520 1967 equalium
527 1939 627 1962 laterum
636 1938 806 1966 applicabimus
814 1945 820 1964 ;
832 1945 917 1964 aequa-

239 1979 295 2001 lium
312 1979 348 2001 sed
364 1979 405 2001 dcl.
417 1978 444 2001 C.
505 1984 606 2005 quarum
618 1977 643 2002 -Ι-
655 1976 755 2002 scilicet;
777 1975 863 1997 scilicet
880 1974 917 1996 sed

238 2017 280 2039 dcl.
292 2016 318 2039 C.

277 2061 297 2081 5.
315 2053 410 2080 quidem
438 2060 481 2075 om.
556 2051 625 2074 unius
651 2050 718 2073 lateri
745 2049 821 2072 rumbi
848 2049 916 2076 primi

240 2091 409 2113 demonstrent.
442 2091 530 2112 Earum
542 2089 578 2116 (4-
587 2096 667 2111 earum
679 2088 704 2110 in
716 2088 814 2114 margo
823 2094 884 2109 mun,
894 2087 914 2113 2)

240 2136 295 2151 vero
307 2128 457 2150 latitudinem
469 2131 509 2154 pro
521 2126 631 2154 quadrati
651 2144 655 2148 .
675 2143 679 2148 .
698 2143 703 2148 .
722 2124 785 2147 vero.

278 2167 299 2188 6.
317 2165 420 2187 medium
440 2169 481 2191 pro
500 2164 623 2186 dimidium
644 2163 732 2190 ubique.
794 2169 916 2184 numerum

240 2203 363 2225 obtineant
377 2210 423 2229 que
436 2202 544 2224 videlicet
558 2204 607 2228 4³¹²]
620 2204 713 2228 partem
725 2199 813 2222 denarii
827 2199 916 2221 numeri

241 2244 281 2268 pro
293 2248 372 2267 quae.
392 2258 396 2261 .
415 2258 419 2261 .
437 2239 608 2261 demonstrant.

279 2284 301 2305 7.
318 2277 437 2304 equalium
449 2281 489 2303 pro
499 2275 722 2303 aequedistantium.

241 2323 253 2337 a
266 2315 285 2337 b.
348 2315 412 2337 omni
424 2318 463 2341 pro
476 2313 627 2340 singularum.

278 2353 298 2375 8.
316 2360 362 2374 une
390 2352 495 2374 radicum
523 2351 551 2373 V.
614 2354 694 2372 manet
723 2349 849 2372 consimilis
877 2352 916 2375 pro

242 2390 346 2416 aequalis
353 2390 404 2411 erit.
454 2395 602 2416 quarumque
609 2387 759 2410 latitudinem
767 2390 807 2414 pro
815 2386 916 2408 latitudo

242 2427 314 2449 etiam
327 2427 479 2453 singularum.

279 2472 300 2491 9.
320 2472 330 2486 2
340 2472 383 2486 om.
396 2464 427 2486 D.

242 2506 304 2525 sunt.

284 2546 317 2561 10.
335 2546 347 2565 g
358 2538 372 2560 d
383 2538 397 2560 h
408 2541 449 2560 cel
460 2538 554 2565 passim.
621 2537 666 2559 sint
682 2537 713 2562 D,
732 2536 761 2558 sit
778 2536 800 2558 D
818 2543 878 2558 man.
896 2543 916 2557 2.

243 2584 295 2599 aree
307 2580 347 2603 pro
359 2583 412 2598 area
424 2576 454 2597 D.
515 2574 633 2602 equalium
646 2578 685 2601 pro
697 2573 863 2600 inaequalium.

784 2282 797 2297 α
807 2274 832 2296 b.-
849 2273 915 2296 idest

490 2463 661 2485 demonstrant.
724 2462 753 2484 Et
767 2461 809 2484 hee
820 2461 872 2487 (om.
881 2460 914 2486 D)

1008 1683 1042 1697 11.
1059 1675 1082 1697 id
1094 1678 1129 1697 est
1139 1675 1162 1697 in
1171 1674 1237 1697 cuius
1245 1681 1388 1701 unoquoque
1396 1673 1481 1700 angulo
1493 1677 1533 1699 pro
1542 1679 1643 1699 quorum

967 1713 1157 1739 vniuscuiusque.
1219 1715 1336 1739 quantum
1348 1711 1376 1734 D.

1007 1757 1042 1772 12.
1060 1757 1113 1772 cum
1134 1749 1227 1771 duobus
1252 1753 1276 1771 et
1302 1748 1400 1771 dimidio
1426 1755 1468 1770 om.
1495 1747 1528 1773 V;
1552 1747 1576 1769 in
1597 1747 1644 1769 duo

968 1791 991 1810 et
1010 1787 1114 1809 medium
1135 1787 1258 1814 quantitas
1278 1786 1309 1808 D.
1370 1785 1527 1812 multiplicata
1547 1792 1590 1807 om.
1612 1784 1643 1807 D.

969 1825 1115 1847 circumdant
1127 1828 1167 1851 pro
1179 1824 1310 1851 perficiunt.

1008 1870 1042 1889 13.
1060 1862 1230 1884 seutotiusom.
1264 1860 1468 1885 areae-l-idemV.
1500 1859 1523 1881 in
1531 1859 1635 1886 provtD

1008 1907 1042 1926 14.
1058 1899 1082 1921 in
1093 1903 1133 1926 pro
1146 1900 1215 1921 curn².

1008 1943 1043 1964 15.
1060 1940 1087 1959 ut
1100 1940 1140 1963 pro
1153 1939 1248 1963 generat
1262 1939 1356 1961 autem;
1373 1934 1463 1961 perficit
1475 1934 1513 1956 scd
1524 1934 1567 1957 dcl.
1579 1933 1606 1956 C.

1008 1975 1041 1996 16.
1062 1981 1087 2001 25
1100 1974 1220 2000 ÷pariat.
1282 1973 1371 2000 primus
1390 1971 1493 1997 rumbus,
1513 1971 1553 1998 qui
1573 1974 1592 1993 ct
1611 1971 1643 1993 sic

969 2012 1062 2038 passim.

1009 2055 1042 2075 17.
1059 2047 1189 2075 significat:
1221 2047 1311 2074 signare
1337 2051 1377 2074 pro
1405 2046 1533 2073 significare
1557 2045 1643 2072 ubique.

969 2086 1112 2113 quadratum
1123 2093 1166 2108 om.
1226 2084 1349 2112 perficiunt
1366 2083 1466 2111 (faciunt
1478 2084 1510 2109 D)
1526 2085 1548 2107 4-
1563 2090 1643 2104 nume-

968 2131 1019 2146 rum

1008 2161 1042 2183 18.
1061 2160 1105 2183 hoc
1121 2163 1156 2182 est
1173 2163 1287 2187 quatuor:
1318 2162 1341 2181 et
1363 2166 1376 2185 4
1397 2158 1430 2185 V;
1458 2158 1481 2180 id
1502 2161 1537 2179 est
1558 2157 1590 2179 iiii
1612 2157 1643 2179 D.

968 2198 1058 2220 minora
1070 2206 1112 2220 om.
1175 2201 1278 2224 quatuor
1286 2198 1294 2211 2
1305 2204 1348 2218 om.

1008 2243 1042 2261 19.
1060 2235 1194 2257 adiciemus.
1257 2234 1280 2256 id
1292 2237 1327 2256 est
1339 2232 1436 2255 rumbus
1449 2232 1500 2259 (om.
1513 2231 1545 2257 D)
1559 2239 1570 2254 ε
1581 2239 1592 2253 c
1603 2235 1643 2258 pro

967 2273 987 2295 G
996 2274 1020 2295 H
1031 2276 1151 2295 vocatum.

1007 2317 1042 2332 20.
1058 2310 1127 2333 Vnde
1135 2310 1207 2332 etiam
1220 2310 1244 2334 -l-
1255 2309 1319 2335 etV;
1338 2310 1360 2333 4-
1372 2307 1402 2330 ad
1410 2308 1441 2329 D.

1007 2355 1042 2369 21.
1060 2347 1129 2369 unius
1148 2347 1289 2369 octonarius.
1353 2345 1400 2372 qui.

1006 2392 1040 2406 22.
1058 2384 1158 2411 Quando
1174 2384 1245 2411 igitur
1262 2387 1302 2410 pro
1314 2383 1390 2410 Igitur
1401 2382 1449 2404 vbi.
1511 2380 1643 2403 similitudi-

968 2430 1021 2445 nem
1032 2424 1058 2449 4e
1072 2422 1146 2449 partis
1160 2421 1248 2444 denarii
1262 2420 1352 2443 numeri
1367 2419 1435 2442 simul
1446 2419 1470 2441 in
1481 2422 1521 2445 pro
1533 2421 1642 2445 quartam

970 2478 974 2482 .
993 2478 997 2481 .
1017 2478 1020 2482 .
1033 2459 1093 2482 sicut
1105 2459 1136 2481 in.

1006 2504 1042 2524 23-
1060 2497 1099 2524 qui
1110 2500 1145 2519 est
1155 2504 1166 2518 ε
1176 2504 1186 2519 c
1197 2500 1237 2523 pro
1247 2495 1266 2518 G
1284 2496 1308 2517 H
1318 2498 1337 2517 et
1347 2495 1380 2517 sic
1390 2497 1472 2521 postca.

1008 2541 1042 2561 25.
1058 2538 1141 2557 contra
1153 2533 1260 2555 similiter
1271 2536 1311 2560 pro
1323 2539 1385 2559 quae
1397 2530 1474 2554 simul.

1007 2572 1042 2594 26.
1059 2579 1132 2593 vnam
1142 2573 1165 2595 -l-
1177 2570 1254 2593 huius.
1317 2569 1340 2591 id
1352 2572 1394 2591 est.
