1780 2995
223 275 280 305 134
386 266 542 293 ADDITA
569 266 773 300 QUAEDAM
803 266 880 293 PRO
908 266 1220 293 DECLARATIONE
1248 266 1458 293 ALGEBRAE

198 372 207 386 1
259 356 318 386 Sed
332 361 399 386 esto
412 356 484 393 iam,
499 356 582 395 quod
596 361 730 395 punctus
743 367 760 395 g
774 356 866 386 cadat
880 356 910 386 in
925 356 1006 386 latus
1020 367 1127 387 census
1141 356 1189 386 vel
1204 356 1358 395 quadrati.

259 406 304 436 Sit
320 416 427 436 census
442 411 477 435 vt
492 407 576 444 prius
592 417 609 435 a
625 407 640 436 b
656 417 669 436 c
684 407 712 443 d,
729 411 759 436 et
774 407 1103 444 parallelogrammum,
1120 417 1247 436 numero
1270 406 1455 445 quindecim,
1472 406 1558 436 lateri
1582 406 1597 435 b
1613 415 1627 435 c

217 456 408 494 applicatum
424 467 439 485 c
455 456 470 485 b
487 467 501 485 e
510 457 537 494 s.
580 457 668 486 Tunc
685 466 775 494 super
791 456 989 486 medietatem
1006 456 1102 486 lineae
1119 457 1137 485 d
1147 457 1174 494 s,
1193 456 1273 494 erigo
1290 456 1478 494 quadratum
1494 466 1510 493 g
1527 456 1544 485 k
1561 466 1590 485 m
1604 456 1625 495 s

218 511 249 535 et
262 506 379 544 accipio
392 506 504 535 lineam
517 516 531 535 c
544 516 559 535 o
572 506 731 544 aequalem
745 506 842 535 lineae
854 517 868 535 c
874 507 895 544 s
905 511 935 535 et
948 506 1095 544 protraho
1108 506 1219 535 lineam
1233 517 1253 535 n
1266 506 1282 534 lt
1296 516 1312 535 ο
1325 511 1345 543 p
1359 506 1626 544 aequedistantem

195 567 206 587 5
217 556 315 585 lineae
330 556 384 593 ds.
428 556 470 585 Et
486 556 633 594 quoniam
649 556 746 585 lineae
760 556 780 585 d
794 567 808 585 c
824 561 854 585 et
870 566 884 585 c
899 556 914 585 b
931 556 1010 585 inter
1025 566 1056 585 se
1072 556 1214 594 aequales
1230 560 1312 592 sunt,
1329 555 1427 584 lineae
1443 565 1566 594 quoque
1581 566 1595 584 c
1611 565 1626 584 o

217 611 247 635 et
266 616 280 635 c
290 605 312 643 s
327 606 486 644 aequales;
516 610 547 635 et
565 606 885 644 parallelogrammum
903 606 995 643 igitur
1012 606 1031 634 d
1048 616 1063 635 o
1081 610 1206 643 propter
1224 605 1445 644 aequalitatem
1463 605 1622 642 linearum,

217 656 503 694 parallelogrammo
516 666 531 685 c
544 666 557 684 e
571 656 699 693 aequale
712 656 778 685 erit.
822 656 881 685 Sed
895 656 968 694 quia
981 656 1122 694 aequalia
1135 655 1229 684 etiarn
1243 655 1322 684 inter
1336 666 1367 684 se
1380 660 1452 684 sunt
1466 665 1501 684 ex
1515 665 1626 693 propo-

217 706 327 735 sitione
340 715 376 743 43
391 705 482 744 primi
496 705 563 734 libri
579 705 724 742 Euclidis,
739 705 801 735 duo
815 706 1030 743 supplementa
1043 716 1060 743 g
1074 716 1089 734 o
1104 710 1135 734 et
1149 716 1165 734 0
1179 715 1217 741 m,
1232 715 1302 734 cum
1315 715 1369 743 per
1383 705 1625 734 subtractionem

217 756 392 794 aequalium
416 755 455 784 ab
478 755 667 793 aequalibus,
692 766 727 784 ex
750 755 905 784 communi
929 755 1064 793 quadam
1088 755 1212 791 noticia,
1236 755 1378 793 aequalia
1402 755 1625 792 relinquantur,

181 820 206 834 10
217 806 536 844 parallelogrammum
552 805 571 834 d
587 805 605 834 Ιι
621 805 907 843 parallelogrammo
924 805 934 834 l
950 815 964 834 e
981 815 1052 834 cum
1069 805 1222 843 quadrato
1239 815 1253 834 c
1269 809 1289 842 p
1306 804 1434 842 aequale
1451 804 1517 833 erit.
1567 804 1625 834 Sed

217 856 289 894 quia
308 856 327 884 d
346 855 363 884 lz
383 855 510 893 aequale
529 855 624 884 etiam
643 860 698 891 est,
719 865 755 884 ex
774 854 985 893 propositione
1004 856 1041 892 36
1060 854 1160 892 primi,
1180 854 1466 892 parallelogrammo
1485 864 1501 892 g
1521 864 1536 883 o
1556 864 1625 883 cum

217 905 370 944 quadrato
384 915 398 934 c
412 910 449 943 p3
475 905 550 934 haec
563 905 656 943 igitur
670 904 742 942 duo,
757 915 774 943 g
788 915 803 933 0
817 904 1139 942 parallelogrammum
1154 909 1184 933 et
1199 915 1212 933 c
1226 909 1246 942 p
1261 904 1459 942 quadratum,
1474 904 1625 942 prioribus

217 955 337 985 duobus
350 955 360 984 l
373 965 386 984 e
398 955 684 992 parallelogrammo
697 959 727 984 et
740 965 754 983 c
766 959 787 992 p
800 954 953 993 quadrato
967 964 1002 983 ex
1016 954 1171 983 communi
1184 954 1321 992 quadam
1335 953 1458 990 noticia,
1472 954 1623 992 aequalia.

217 1005 321 1043 Atque
341 1015 421 1041 mOX,
438 1015 492 1042 per
513 1004 701 1034 ablationem
718 1004 861 1042 quadrati
879 1014 892 1033 c
908 1009 929 1042 p
945 1004 1126 1039 communis,
1144 1014 1160 1041 g
1177 1014 1192 1033 0
1209 1003 1266 1041 ipsi
1282 1004 1293 1032 l
1309 1014 1322 1032 e
1339 1003 1625 1041 parallelogrammo

183 1067 207 1087 15
218 1055 354 1093 aequale.
398 1055 476 1084 Sunt
491 1064 564 1083 vero
579 1065 593 1083 c
608 1065 624 1083 0
640 1059 670 1083 et
685 1054 695 1083 l
717 1064 746 1083 m
761 1054 858 1083 lineae
872 1054 951 1083 inter
974 1064 1005 1082 se
1021 1053 1172 1091 aequales.
1217 1054 1297 1091 Ergo
1313 1058 1343 1082 et
1360 1053 1439 1082 linea
1455 1063 1483 1082 m
1499 1063 1513 1082 ε
1528 1053 1625 1082 lineae

217 1115 234 1142 g
249 1115 263 1134 c
279 1104 414 1143 aequalis
431 1104 498 1140 erit,
515 1108 610 1142 atque
626 1104 670 1133 ita
686 1104 822 1142 aequalis
839 1104 933 1133 etiam
949 1103 1036 1132 lateri
1053 1103 1197 1141 quadrati
1214 1103 1231 1131 lz
1246 1104 1265 1132 l.
1310 1103 1390 1132 Cum
1406 1113 1476 1140 ergo
1492 1103 1625 1141 quadra-

218 1159 285 1184 tum
295 1165 311 1192 g
322 1165 349 1183 m
361 1154 400 1183 sit
410 1159 529 1190 notum,
541 1164 576 1183 eo
587 1153 671 1192 quod
687 1154 750 1183 eius
766 1153 847 1183 latus
860 1153 900 1182 sit
912 1153 1061 1182 medietas
1074 1153 1192 1182 numeri
1205 1152 1353 1189 radicum,
1365 1153 1390 1182 si
1402 1152 1624 1182 subtrahantur

217 1205 256 1234 ab
273 1215 307 1233 eo
326 1213 370 1242 15,
385 1214 464 1242 quae
479 1214 664 1241 gnomonem
680 1203 794 1240 valent,
809 1203 962 1241 quadrato
979 1203 996 1231 Ι]
1009 1203 1019 1232 ἰ
1033 1202 1298 1232 circumiacentem
1312 1207 1342 1232 et
1357 1202 1405 1231 cui
1419 1202 1513 1231 etiam
1525 1202 1624 1240 paral-

217 1254 449 1292 lelogrammum
463 1254 482 1282 d
496 1264 511 1283 0
526 1253 654 1292 aequale
669 1258 724 1289 est,
740 1253 878 1282 manebit
894 1252 1082 1291 quadratum
1097 1253 1115 1281 h
1128 1253 1139 1281 l
1154 1257 1272 1281 notum.
1315 1252 1403 1281 Vnde
1418 1257 1449 1281 et
1464 1252 1546 1281 latus
1561 1252 1624 1281 eius

179 1316 207 1330 20
217 1309 335 1333 notum.
379 1303 438 1333 Sed
453 1303 526 1342 quia
540 1303 615 1333 illud
631 1308 677 1332 est
691 1303 819 1342 aequale
834 1303 930 1332 lineae
945 1313 961 1341 g
976 1313 989 1332 c
1004 1303 1051 1332 vel
1069 1313 1096 1331 m
1111 1313 1133 1339 e,
1150 1302 1244 1331 latere
1259 1302 1352 1339 igitur
1367 1302 1513 1340 quadrati
1528 1302 1545 1330 lz
1560 1302 1570 1331 l
1584 1302 1622 1332 ad

217 1354 416 1383 medietatem
432 1353 551 1382 numeri
566 1353 705 1382 radicum
723 1353 786 1390 ms,
804 1353 885 1382 latus
902 1352 1046 1390 quadrati
1061 1363 1078 1390 g
1095 1363 1121 1381 m.
1138 1352 1256 1387 addito,
1273 1351 1474 1381 constituitur
1489 1351 1568 1381 linea
1583 1362 1598 1381 e
1606 1352 1627 1390 s

217 1408 300 1433 nota.
343 1404 446 1441 Atque
459 1403 534 1432 haec
547 1408 592 1432 est
606 1403 692 1432 radix
705 1413 821 1432 census.
864 1403 956 1432 Patet
969 1412 1039 1440 ergo
1052 1402 1256 1440 propositum.

257 1454 433 1492 Sequuntur
448 1453 562 1491 figurae
576 1452 788 1490 geometricae.

328 1562 349 1583 α
633 1533 651 1565 b
800 1552 816 1574 3

333 1852 354 1885 d
642 1872 658 1893 c
795 1857 819 1897 s

657 1966 835 2003 Exemplum
850 1966 1075 1995 combinationis
1089 1967 1189 1995 tertiae

180 2063 205 2083 25
257 2049 398 2086 Quatuor
414 2049 530 2079 radices
547 2053 577 2078 et
594 2048 756 2078 duodecim
772 2048 888 2078 denarii
904 2048 1007 2078 censui
1025 2049 1245 2087 aequipollent.

258 2099 359 2128 Causa
378 2099 468 2128 huius
489 2098 724 2128 combinationis
744 2103 790 2127 est
809 2098 893 2127 haee.
938 2098 983 2128 Sit
1003 2108 1110 2128 census
1131 2099 1320 2137 quadratum
1340 2109 1357 2128 a
1377 2098 1392 2128 b
1412 2109 1426 2128 c
1446 2099 1466 2128 d
1484 2098 1623 2136 ignotum

217 2149 377 2178 continens
404 2153 538 2187 quatuor
564 2148 681 2178 radices
708 2153 739 2177 et
768 2158 801 2177 12
829 2148 979 2177 denarios.
1024 2149 1070 2177 Ex
1096 2149 1155 2178 isto
1182 2149 1276 2186 igitur
1303 2148 1457 2186 quadrato
1483 2148 1624 2177 resecabo

217 2199 537 2237 parallelogrammum
560 2198 576 2227 b
599 2209 613 2228 c
635 2209 649 2228 e
664 2198 686 2236 s
705 2197 865 2227 continens
889 2202 1023 2236 quatuor
1045 2198 1179 2234 radices,
1214 2198 1352 2228 manebit
1375 2208 1445 2236 ergo
1467 2198 1624 2236 parallelo-

217 2258 390 2286 grammum
406 2258 424 2277 α
441 2258 455 2277 e
471 2248 630 2277 continens
646 2248 762 2286 precise
777 2247 939 2277 duodecim
956 2248 1105 2277 denarios.
1149 2248 1271 2277 Deinde
1287 2248 1425 2277 diuidam
1440 2248 1552 2277 lineam
1570 2257 1584 2276 e
1601 2257 1624 2283 c,

179 2311 207 2330 30
218 2308 379 2327 numerum
396 2297 544 2335 radicum,
561 2297 730 2336 aequaliter
746 2297 777 2326 in
793 2302 911 2335 puncto
927 2308 953 2335 g,
971 2302 1001 2327 et
1018 2308 1109 2336 super
1130 2298 1211 2327 latus
1233 2308 1247 2327 e
1262 2308 1279 2335 g
1301 2298 1415 2335 erigam
1437 2297 1624 2336 quadratum

217 2358 233 2385 g
246 2358 260 2377 e
272 2348 290 2376 li
303 2348 329 2377 k.
374 2348 470 2385 Super
482 2347 564 2377 latus
577 2347 671 2377 etiam
683 2347 702 2376 d
717 2358 733 2385 g
749 2347 863 2385 erigam
879 2347 1067 2385 quadratum
1079 2358 1096 2385 g
1111 2348 1130 2376 d
1143 2358 1171 2377 m
1183 2348 1203 2384 l,
1217 2352 1247 2377 et
1261 2352 1342 2377 secet
1357 2347 1436 2377 linea
1449 2358 1478 2376 m
1490 2348 1501 2376 l
1513 2347 1624 2376 lineam

217 2408 231 2426 e
238 2397 259 2435 s
269 2397 299 2426 in
313 2402 429 2435 puncto
443 2407 472 2427 n⁴
516 2398 557 2426 Et
570 2397 717 2436 quoniam
730 2397 826 2426 lineae
840 2407 857 2426 α
870 2397 889 2426 d
902 2402 932 2426 et
946 2397 965 2426 d
977 2408 991 2426 c
1015 2397 1095 2427 inter
1108 2407 1139 2427 se
1153 2397 1295 2436 aequales
1309 2402 1390 2433 sunt,
1406 2397 1484 2426 linea
1499 2406 1621 2435 quoque

218 2457 246 2476 m
261 2447 280 2475 d
295 2451 325 2476 et
339 2447 358 2476 d
372 2457 388 2485 g
411 2447 563 2485 aequales,
579 2457 649 2476 cum
664 2457 717 2485 per
732 2446 993 2476 subabiectionem
1009 2447 1183 2486 aequalium
1206 2447 1245 2476 ab
1261 2447 1451 2485 aequalibus,
1467 2446 1547 2475 linea
1562 2456 1580 2475 a
1595 2456 1624 2475 m

218 2497 314 2526 lineae
323 2507 339 2534 g
349 2507 363 2526 c
373 2507 408 2526 ex
418 2496 573 2526 communi
584 2496 719 2535 quadam
730 2496 852 2533 noticia,
860 2496 995 2535 aequalis
1005 2497 1053 2526 sit.
1089 2497 1207 2526 Eadem
1218 2508 1235 2526 a
1246 2507 1274 2526 m
1285 2497 1363 2526 linea
1373 2501 1498 2534 propter
1511 2505 1624 2533 aequa-

178 2559 205 2579 35
218 2546 347 2582 litatem,
359 2556 394 2575 ex
409 2546 506 2576 altera
522 2546 658 2585 quadam
674 2546 797 2583 noticia,
808 2546 904 2575 lineae
920 2557 934 2575 e
948 2556 974 2584 g,
990 2551 1084 2584 atque
1101 2557 1170 2576 mox
1186 2547 1282 2577 etiam
1297 2546 1394 2576 lineae
1410 2546 1427 2574 lz
1444 2546 1470 2581 k,
1483 2545 1620 2583 aequalis

218 2596 284 2625 erit⁴
327 2596 417 2633 Item,
435 2596 507 2634 quia
523 2596 619 2626 lineae
636 2596 653 2625 h
669 2607 683 2626 e
699 2601 729 2626 et
746 2607 759 2625 e
775 2606 791 2635 g
806 2596 886 2625 inter
901 2606 932 2625 se
948 2596 1089 2634 aequales
1108 2601 1188 2633 sunt,
1205 2596 1302 2626 lineae
1318 2605 1440 2634 quoque
1457 2605 1476 2624 n
1493 2605 1506 2624 e
1524 2599 1555 2624 et
1574 2594 1593 2623 d
1608 2604 1623 2632 g
