1780 2995
212 278 270 306 142
379 269 533 297 ADDITA
560 268 757 303 QUAEDAM
785 267 861 294 PRO
888 266 1198 295 DECLARATIONE
1225 266 1434 294 ALGEBRAE

186 397 196 412 1
725 376 769 405 De
791 375 925 405 radicum
947 375 1097 405 diuisione

249 461 344 498 Nota,
361 460 385 490 si
401 459 534 490 radicem
550 459 707 489 nouenarii
723 459 754 488 in
770 458 903 488 radicem
919 458 1037 488 numeri
1052 468 1070 494 4
1086 457 1222 487 diuidere
1237 457 1378 494 volueris,
1395 456 1499 486 diuide
1514 467 1532 494 9
1547 456 1578 486 in
1594 467 1612 492 4

209 515 240 540 et
256 511 313 540 erit
329 510 429 539 exiens
447 519 461 538 2
478 514 509 539 et
524 513 646 547 quarta,
663 513 757 546 atque
773 507 910 537 exeuntis
926 507 1016 537 huius
1028 507 1124 544 radix,
1137 517 1216 545 quae
1229 511 1275 536 est
1287 516 1384 536 vnum
1396 511 1427 536 et
1442 506 1542 543 semis,
1556 506 1612 535 erit

208 570 353 590 numerus
371 559 472 589 exiens
490 558 647 588 diuisionis
665 558 775 587 radicis
793 558 823 587 in
842 557 984 587 radicem.
1028 557 1118 594 Quod
1136 557 1160 586 si
1178 557 1255 586 duas
1273 556 1389 586 radices
1407 556 1564 586 nouenarii
1581 555 1612 585 in

183 623 196 645 5
208 610 341 640 radicem
367 609 485 639 numeri
510 619 529 645 4
554 608 691 638 diuidere
716 607 857 644 volueris,
884 617 1013 646 quaeras
1038 607 1138 645 primo
1163 607 1293 644 duplum
1319 606 1429 636 radicis
1455 605 1612 636 nouenarii

207 660 377 690 secundum
391 659 475 698 quod
489 658 659 694 docuimus,
675 662 705 687 et
720 657 795 687 illud
809 657 913 687 diuide
927 657 957 686 in
972 657 1106 686 radicem
1121 656 1239 686 numeri
1254 660 1398 695 quatuor.

674 766 719 795 De
741 765 875 794 radicum
898 765 1145 803 multiplicatione

249 851 279 881 Si
302 851 437 880 radicem
461 849 618 879 nouenarii
642 859 712 878 cum
736 848 837 877 radice
862 848 980 877 numeri
1004 858 1022 884 4
1046 847 1251 885 multiplicare
1275 847 1416 884 volueris,
1441 846 1613 884 multiplica

208 911 226 939 9
241 911 311 930 curn
326 911 353 937 4,
376 905 407 930 et
422 899 564 938 producti
579 898 665 928 radix
680 903 725 927 est
741 898 824 936 quod
839 898 968 936 quaeris.
1012 898 1063 927 Ita
1078 907 1149 927 cum
1164 897 1239 926 aliis.

170 967 198 982 10
247 950 338 988 Quod
353 950 378 979 si
394 949 527 979 radicem
543 948 652 978 tertiae
668 958 738 977 curn
754 948 855 977 radice
870 947 1046 977 medietatis
1062 947 1268 985 multiplicare
1283 946 1425 983 volueris,
1442 946 1614 984 multiplica

209 1001 333 1030 tertiam
348 1010 418 1029 curn
432 999 608 1034 medietate,
623 1002 654 1027 et
667 998 847 1036 producitur
861 1002 956 1033 sexta,
971 997 1057 1026 cuius
1071 997 1157 1026 radix
1171 1001 1217 1026 est
1231 996 1315 1035 quod
1329 996 1459 1034 quaeris.

249 1050 339 1088 Quod
359 1050 383 1079 si
404 1050 481 1079 duas
501 1048 617 1078 radices
638 1047 796 1077 nouenarii
816 1057 886 1077 cum
907 1047 1005 1076 tribus
1025 1047 1180 1076 radicibus
1201 1046 1390 1085 quaternarii
1411 1046 1615 1084 multiplicare

209 1100 350 1137 volueris,
369 1099 505 1137 inquiras
523 1098 622 1136 primo
641 1097 809 1127 secundum
828 1097 911 1135 quod
929 1107 1021 1135 supra
1039 1097 1200 1126 docuimus
1218 1107 1343 1126 censum
1362 1096 1447 1125 cuius
1465 1096 1551 1125 radix
1569 1100 1614 1125 est

208 1151 338 1188 duplum
356 1149 466 1179 radicis
484 1148 602 1178 numeri
621 1158 647 1185 9.
692 1147 899 1177 Consimiliter
916 1146 1053 1185 inquiras
1071 1156 1197 1176 censum
1215 1146 1301 1176 cuius
1319 1146 1406 1175 radix
1424 1150 1470 1175 est
1489 1146 1615 1184 triplum

170 1211 196 1232 15
208 1200 318 1230 radicis
339 1199 457 1229 numeri
477 1209 505 1235 4,
526 1202 556 1228 et
576 1197 748 1235 multiplica
767 1207 864 1226 vnum
884 1206 1009 1226 censum
1029 1206 1099 1226 cum
1119 1197 1216 1226 altera
1236 1201 1267 1226 et
1286 1196 1373 1226 radix
1392 1196 1536 1234 producti
1556 1196 1614 1225 erit

208 1250 394 1289 quaesitum.

607 1305 777 1343 Sequuntur
800 1315 879 1334 nunc
901 1308 1026 1343 quatuor
1049 1305 1217 1342 aenigmata

853 1396 992 1425 Primum

248 1482 349 1512 Radix
370 1482 574 1511 ducentorum
595 1478 761 1509 subtractis
784 1489 829 1515 10,
851 1478 960 1508 addita
979 1478 1020 1508 ad
1040 1478 1169 1517 duplum
1190 1477 1351 1515 subtracti,
1373 1478 1487 1508 scilicet
1507 1478 1547 1508 ad
1570 1488 1615 1514 20,

170 1547 198 1562 20
208 1533 368 1562 subtracta
384 1532 588 1561 ducentorum
604 1529 705 1559 radice
721 1528 891 1567 aequaliter
907 1528 965 1558 erit
983 1539 1027 1558 10.

248 1582 333 1611 Dicit
348 1582 498 1619 aenigma,
514 1580 538 1609 si
553 1590 570 1609 a
584 1579 686 1608 radice
700 1578 818 1608 numeri
835 1589 890 1607 200
904 1578 1129 1608 subtrahantur
1146 1589 1190 1615 10,
1205 1578 1237 1608 id
1251 1578 1361 1608 deinde
1376 1578 1460 1616 quod
1474 1577 1616 1616 relinqui-

209 1637 259 1662 tur
275 1632 316 1662 ad
334 1642 370 1661 20
386 1631 530 1667 addatur,
548 1630 588 1659 ab
604 1629 662 1658 hoc
679 1628 805 1658 collecto
822 1633 930 1666 postea
947 1628 1034 1658 radix
1050 1629 1169 1658 numeri
1188 1638 1243 1657 200
1259 1629 1428 1664 auferatur,
1446 1628 1530 1666 quod
1546 1628 1616 1657 sub-

209 1687 344 1712 tractum
357 1681 493 1717 tandem,
507 1680 564 1709 hoc
577 1683 623 1709 est
638 1689 682 1715 10,
696 1678 866 1716 aequaliter
878 1683 1035 1708 maneant.
1079 1679 1148 1708 Hoc
1160 1683 1266 1708 autem
1278 1678 1321 1708 sic
1333 1678 1527 1716 probabitur.
1572 1677 1617 1707 Sit

208 1733 287 1762 linea
301 1743 319 1761 a
332 1732 348 1761 b
361 1731 447 1761 radix
460 1731 673 1765 ducentorum,
688 1739 706 1758 a
720 1738 781 1766 qua
795 1728 937 1758 resecabo
950 1728 1064 1758 lineam
1077 1739 1095 1757 a
1109 1739 1132 1765 c,
1147 1738 1227 1766 quae
1240 1728 1280 1758 sit
1297 1738 1340 1757 10.
1384 1727 1506 1757 Deinde
1520 1727 1617 1757 lineae

170 1795 196 1815 25
208 1793 226 1812 a
242 1783 257 1812 b
273 1782 441 1819 adiungam
457 1781 472 1810 b
487 1781 516 1818 d,
532 1780 644 1809 lineam
661 1788 739 1816 quae
755 1778 795 1807 sit
813 1788 858 1814 20,
875 1788 893 1808 a
909 1788 971 1816 qua
987 1778 1129 1808 resecabo
1146 1778 1258 1808 lineam
1274 1778 1290 1807 b
1305 1789 1329 1814 e,
1346 1777 1509 1816 aequalem
1520 1777 1618 1807 lineae

209 1843 226 1862 a
244 1832 269 1869 b,
288 1836 319 1861 et
337 1842 355 1861 a
372 1831 451 1860 linea
469 1831 484 1860 b
502 1841 516 1860 e
533 1828 676 1859 resecabo
693 1828 806 1857 lineam
824 1828 872 1866 bs
886 1828 1047 1866 aequalem
1064 1828 1162 1858 lineae
1180 1839 1197 1857 α
1214 1839 1237 1858 c.
1281 1828 1349 1857 Erit
1366 1828 1461 1866 igitur
1479 1827 1560 1857 linea
1578 1827 1617 1856 cb

208 1878 345 1917 aequalis
361 1878 458 1907 lineae
467 1878 489 1916 s
501 1888 523 1906 e.
568 1877 624 1907 Est
640 1882 745 1907 autem
761 1878 841 1907 linea
857 1888 871 1907 c
886 1878 901 1907 b
918 1878 1004 1907 radix
1020 1878 1225 1908 ducentorum
1241 1878 1375 1916 exceptis
1394 1888 1438 1907 10.
1482 1878 1526 1906 Ac
1538 1877 1617 1906 linea

208 1939 222 1958 e
234 1929 262 1965 d,
279 1939 314 1957 20
327 1932 454 1966 excepta
467 1927 568 1957 radice
581 1928 794 1964 ducentorum,
808 1932 838 1957 et
851 1938 865 1957 c
878 1928 893 1957 b
906 1928 985 1958 linea
999 1932 1044 1957 est
1057 1928 1193 1966 aequalis
1199 1928 1222 1966 s
1230 1939 1244 1958 e
1257 1928 1363 1965 lineae,
1377 1927 1470 1965 igitur
1483 1927 1590 1965 lineas
1599 1926 1617 1955 d

208 1979 295 2008 radix
319 1978 523 2008 ducentorum
548 1977 605 2006 erit
630 1978 764 2015 exceptis
792 1988 836 2013 10,
862 1977 970 2007 addita
995 1978 1035 2007 ad
1062 1988 1097 2007 20
1122 1982 1250 2016 excepta
1274 1978 1377 2007 radice
1402 1977 1616 2007 ducentorum.

168 2044 199 2063 30
209 2028 299 2066 Quod
315 2032 421 2058 autern
437 2028 512 2057 haec
528 2027 638 2066 lineas
650 2028 669 2056 d
685 2027 724 2057 sit
740 2028 875 2065 praecise
893 2038 938 2064 10,
955 2028 1103 2066 probabo.
1146 2028 1242 2057 Linea
1258 2028 1273 2057 b
1289 2028 1308 2057 d
1324 2032 1370 2057 est
1389 2037 1424 2056 20
1441 2031 1471 2057 et
1489 2037 1558 2056 cum
1575 2027 1590 2056 b
1600 2026 1622 2064 f

209 2079 289 2108 linea
307 2077 443 2116 aequalis
461 2077 502 2106 sit
519 2077 616 2107 lineae
634 2087 652 2106 a
669 2088 693 2114 c,
712 2087 792 2115 quae
818 2088 852 2106 10
876 2078 978 2116 posita
997 2082 1052 2114 est,
1071 2082 1195 2116 oportet
1212 2078 1305 2116 igitur
1323 2077 1407 2116 quod
1425 2081 1455 2107 et
1467 2077 1489 2116 s
1503 2077 1522 2106 d
1539 2076 1618 2106 linea

209 2132 335 2167 propter
349 2127 571 2166 aequalitatem
590 2137 624 2156 10
639 2127 689 2164 sit,
706 2127 790 2165 quod
805 2132 871 2157 erat
886 2127 1092 2165 probandum.

788 2234 933 2272 Sequitur
947 2234 1053 2272 figura.

1217 2321 1232 2336 «ι
1275 2297 1291 2337 Ξ

1215 2338 1236 2377 Ξ
1247 2349 1261 2375 ε
1273 2339 1291 2376 Ξ

532 2381 1176 2421 ,ἒὲὲῑὶῑ-ΕΞἯἈἝΞΠ,Ἲ-.1Ξλ.ᾱΞΧ,<Ξ“-ῡεῐὲ3ἱ“ι“--.
1216 2378 1261 2421 ἐξ
1276 2380 1291 2422 Ξ

532 2422 536 2460 ἱ
851 2425 878 2463 :b
1082 2426 1110 2463 f
1172 2421 1198 2461 te
1211 2430 1230 2455 es
1247 2418 1290 2455 ”5
1316 2430 1341 2461 d

497 2460 536 2507 Α·
763 2478 808 2512 ¹02
820 2481 855 2513 μεἰ
1084 2483 1088 2497 ·
1104 2483 1118 2512 a
1133 2480 1152 2508 Ρ
1323 2478 1326 2508 Ι

531 2509 766 2536 ¹-----1‹r-—--³
793 2514 807 2540 3
821 2503 840 2540 ἓ
851 2504 1088 2537 r----1o------'
1103 2514 1117 2540 s
1133 2503 1153 2540 -Ξ-
1322 2511 1326 2541 :

788 2542 809 2568 ε
821 2544 835 2558 κ
851 2540 855 2552 ·
1098 2542 1120 2568 2³.
1134 2543 1147 2557 κ
1322 2544 1326 2559 ι

791 2568 839 2609 ir}
851 2558 1326 2609 1.----------20..Ξξ--------.ι

791 2611 811 2624 0
1102 2611 1121 2624 0
