1780 2995
255 268 297 298 88
600 268 719 295 LIBER
746 267 956 295 ALGEBRAE
984 268 1035 296 ET
1061 268 1330 296 ALMUCABOLA

233 372 242 386 1
255 360 445 390 dimensione
465 359 665 396 circundant3
693 359 772 389 linea
791 359 884 397 igitur
900 370 913 389 ε
928 360 946 389 d
963 359 1060 390 lineae
1075 360 1085 389 l
1103 370 1124 390 n
1144 360 1281 398 aequalis
1302 360 1449 390 manebit.

1492 360 1571 398 Quia
1592 361 1664 390 vero

255 421 269 439 e
290 410 309 439 d
332 410 429 439 lineae
451 409 588 448 aequalis
611 414 657 439 est
680 409 777 439 lineae
801 420 820 438 n
838 420 864 446 ο,
888 419 957 439 cum
980 410 1065 448 ipsae
1091 409 1121 439 in
1148 410 1314 439 latitudine
1339 420 1427 439 areae
1450 415 1664 448 proponantur

255 460 415 498 aequales;
438 464 469 489 et
485 459 565 489 linea
580 459 673 497 igitur
689 470 709 488 n
724 470 739 488 0
758 459 856 489 lineae
876 459 886 489 l
901 470 921 489 n
942 460 1079 498 aequalis
1098 459 1165 496 erit,
1182 464 1277 498 atque
1299 459 1425 489 tandem
1441 470 1511 489 cum
1527 460 1607 489 linea
1623 461 1639 489 k
1655 460 1665 489 l

255 510 352 539 lineae
371 510 421 548 ns
437 520 472 539 ex
488 509 642 547 superiore
658 509 922 539 demonstratione
937 520 998 539 non
1015 510 1054 539 sit
1069 509 1249 547 inaequalis,
1266 520 1337 538 area
1353 519 1447 548 quam
1463 509 1560 539 lineae
1576 510 1593 539 k
1608 510 1618 539 l
1633 514 1664 539 et

231 561 265 589 sl
283 570 303 589 n
326 559 518 595 circundant,
543 559 780 597 comprehensae
803 559 860 589 sub
884 570 904 588 n
919 560 941 597 s
960 564 991 589 et
1014 570 1034 588 n
1057 570 1072 588 ο
1095 559 1181 589 lineis
1204 570 1292 589 areae
1315 559 1452 597 aequalis
1475 559 1541 589 erit.

864 610 904 638 Et
922 609 984 638 iam
1002 609 1212 645 manifestum⁷
1231 619 1302 638 cum
1322 619 1393 638 area
1411 619 1424 638 e
1439 620 1453 638 c
1474 614 1608 647 quatuor
1628 620 1663 639 ex

254 609 348 647 igitur
366 610 383 638 k
398 620 419 638 n
437 609 573 647 aequalis
591 614 637 638 est
656 619 676 638 n
691 619 705 638 c
722 619 819 638 areae.

1584 560 1663 589 Area

255 659 399 695 numeris,
414 669 493 698 quae
509 669 602 697 supra
618 663 679 688 tres
695 659 812 688 radices
828 659 1013 696 addidimus,
1027 659 1058 688 in
1074 670 1106 688 se
1122 659 1290 695 contineat,
1304 659 1384 688 duae
1399 669 1487 688 areae
1503 669 1517 688 e
1533 669 1548 688 o
1564 664 1594 688 et
1611 660 1627 688 k
1643 670 1663 688 n

254 709 308 738 vni
327 719 415 738 areae
435 719 449 738 e
467 720 491 745 c,
512 719 592 747 quae
615 713 749 747 quatuor
772 719 807 738 ex
830 709 964 738 numeris
986 709 1017 738 in
1041 719 1072 738 se
1095 709 1244 745 continet,
1264 709 1295 738 in
1319 709 1498 747 quantitate
1520 709 1663 747 aequales

254 759 343 788 fiunt.

387 759 594 788 Manifestum
610 763 656 788 est
670 759 764 796 igitur
779 759 876 795 nobis,
893 759 1081 797 quadratum
1097 769 1114 796 g
1130 769 1145 788 0
1161 769 1196 788 ex
1212 759 1470 796 multiplicatione
1488 759 1663 788 medietatis

216 824 244 839 10
254 809 403 845 radicum,
423 809 454 838 id
473 813 519 838 est
538 807 571 845 Ῑὲ
589 819 624 838 ex
642 809 787 844 numeris,
804 819 874 838 cum
890 819 945 838 suo
961 808 1121 845 consimili,
1141 813 1171 837 et
1190 808 1362 838 adiectione
1381 808 1499 838 numeri
1518 813 1662 846 quatuor,

254 858 303 888 cui
333 858 412 888 duae
442 869 531 888 areae
561 869 605 888 eo
635 863 666 888 et
696 859 749 887 kn
779 858 922 896 aequales
952 863 1034 894 sunt,
1066 858 1220 896 compleri.

1264 859 1320 888 Est
1345 863 1450 888 autern
1477 863 1579 887 totum
1605 858 1663 888 hoc

254 908 444 946 quadratum
462 918 589 937 numero
608 908 726 937 senario
750 912 780 937 et
804 908 857 937 vni
881 912 1011 946 quartae
1034 908 1171 946 aequale,
1191 913 1285 946 atque
1308 908 1372 937 eius
1394 908 1528 937 radicem
1549 908 1610 937 duo
1632 913 1663 938 et

254 958 391 987 medium
407 958 581 995 designant,
599 968 678 996 quae
694 958 725 987 in
742 958 837 987 latere
852 958 871 986 d
885 968 902 996 g
918 958 1125 987 continentur.

1170 958 1280 987 Restat
1296 958 1390 995 igitur
1409 958 1496 987 nobis
1515 968 1550 987 ex
1569 958 1663 987 latere

254 1008 400 1046 quadrati
415 1008 516 1046 primi,
533 1008 617 1046 quod
633 1012 679 1037 est
695 1018 765 1037 area
781 1018 796 1036 α
814 1008 828 1037 b
844 1018 858 1037 c
873 1008 891 1036 d
910 1017 989 1046 quae
1005 1012 1105 1037 totam
1121 1008 1330 1037 substantiam
1346 1008 1507 1045 significat,
1525 1008 1662 1037 radicum

215 1072 241 1093 ις
254 1057 414 1094 medietas,
428 1068 507 1096 quae
522 1068 620 1087 vnum
636 1062 667 1087 et
682 1057 820 1087 medium
833 1057 865 1087 in
881 1068 913 1087 se
929 1057 1077 1093 continet,
1094 1057 1175 1087 latus
1191 1058 1285 1087 etiam
1300 1068 1317 1095 g
1333 1068 1359 1087 α.

1406 1058 1485 1087 Cum
1500 1068 1569 1095 ergo
1584 1057 1663 1087 linea

254 1107 273 1136 d
290 1118 316 1145 g,
342 1117 422 1145 quae
446 1112 491 1137 est
516 1108 598 1137 latus
623 1107 768 1145 quadrati
790 1118 806 1145 g
823 1118 848 1143 ο,
872 1107 1058 1136 continentis
1082 1107 1113 1136 in
1136 1118 1167 1137 se
1188 1107 1220 1136 id
1242 1107 1325 1145 quod
1348 1118 1383 1137 ex
1406 1107 1663 1145 multiplicatione

255 1157 431 1187 medietatis
452 1157 591 1187 radicum
612 1167 682 1187 cum
703 1157 803 1195 seipsa
824 1157 986 1195 colligitur,
1009 1157 1156 1195 cuiusque
1177 1157 1309 1186 adiectio
1329 1162 1401 1186 sunt
1423 1162 1567 1195 quatuor,
1584 1167 1663 1195 quae

254 1207 396 1237 diximus.

440 1208 481 1237 Et
497 1207 555 1237 hoc
572 1212 675 1237 totum
690 1218 741 1236 sex
757 1212 787 1237 et
803 1217 898 1236 vnam
914 1211 1059 1245 quartam
1075 1207 1105 1236 in
1122 1218 1154 1237 se
1169 1207 1317 1244 continet⁷
1331 1217 1463 1245 quarum
1475 1207 1610 1236 radicem
1628 1205 1661 1243 2}

254 1267 345 1295 super
362 1257 474 1287 lineam
490 1268 508 1295 g
524 1268 541 1287 α
559 1267 639 1295 quae
657 1262 703 1286 est
719 1257 869 1287 medietas
885 1257 979 1286 trium
994 1257 1143 1294 radicum,
1159 1267 1256 1286 vnum
1273 1262 1304 1286 et
1322 1257 1457 1287 medium
1473 1257 1504 1286 in
1519 1267 1551 1286 se
1566 1257 1662 1286 conti-

215 1323 244 1338 20
255 1317 339 1343 nens,
357 1307 510 1337 addimus.

552 1308 635 1337 Tota
651 1307 744 1345 igitur
759 1307 834 1337 haec
850 1317 981 1343 summa,
998 1307 1038 1336 ad
1061 1307 1293 1345 quaternarium
1316 1312 1467 1337 excrescet
1489 1317 1662 1343 numerum,

255 1367 335 1395 quae
350 1362 396 1387 est
412 1357 492 1387 linea
510 1368 527 1386 α
546 1358 565 1386 α’
576 1368 581 1394 ;
604 1357 679 1387 item
700 1357 786 1387 radix
806 1357 1000 1387 substan-tiae
1020 1362 1115 1395 atque
1135 1357 1260 1395 insuper
1280 1357 1374 1386 etiam
1395 1357 1584 1395 quadratum
1605 1367 1622 1386 a
1637 1367 1660 1386 c.

255 1407 337 1436 Tota
353 1412 458 1437 autem
475 1408 652 1437 substantia
666 1408 697 1436 in
718 1409 752 1437 16
768 1407 962 1436 terminatur.

1006 1407 1047 1436 Et
1063 1407 1120 1436 hoc
1136 1411 1181 1436 est
1198 1407 1282 1445 quod
1298 1417 1447 1445 exponere
1462 1407 1626 1436 voluimus.

295 1457 381 1486 Haec
396 1457 490 1495 igitur
506 1457 691 1495 geometrica
708 1457 923 1495 compendiose
940 1457 1071 1486 diximus
1087 1461 1122 1486 vt
1139 1467 1174 1486 ea
1191 1467 1270 1495 quae
1286 1457 1422 1495 alioquin
1439 1457 1533 1487 oculis
1550 1457 1661 1486 mentis

255 1506 438 1536 difficultate
452 1507 588 1545 quadam
602 1507 827 1545 concipiuntur,
842 1507 888 1536 his
902 1506 1084 1544 geometrice
1097 1507 1274 1545 perspectis,
1289 1507 1329 1536 ad
1343 1507 1450 1537 eadem
1463 1507 1660 1545 intelligenda

217 1571 243 1591 25
255 1556 372 1586 facilior
388 1557 478 1586 huius
495 1557 674 1595 disciplinae
690 1557 793 1586 aditus
808 1561 943 1595 paretur.

374 1663 597 1693 MAHOMET
627 1663 895 1694 ALGAURIZIN
925 1664 983 1692 DE
1014 1663 1190 1693 ADDITIS
1221 1663 1276 1692 ET
1306 1663 1542 1693 DIMINUTIS

296 1745 337 1774 Et
362 1745 466 1775 inueni
494 1744 608 1783 (inquit
633 1745 797 1775 Mahomet
822 1744 1008 1783 Algoarizin)
1036 1755 1159 1775 omnem
1184 1755 1346 1775 numerum
1371 1746 1604 1776 restaurationis
1629 1751 1660 1776 et

296 1834 360 1848 1-12.
377 1826 492 1849 diuisione
505 1827 541 1854 (-Ι-
554 1826 668 1848 diuisione
686 1827 708 1848 D
726 1830 745 1849 et
762 1826 876 1849 diuisione
894 1834 932 1849 su-

256 1867 337 1890 perscr.
349 1864 372 1886 D
384 1871 444 1886 man.
459 1864 480 1890 2)
494 1864 648 1887 circumdant.
680 1864 710 1886 Et
723 1864 783 1886 linea
798 1864 812 1886 h
827 1872 838 1886 ε
852 1864 932 1886 similis

255 1905 290 1923 est
302 1901 361 1923 linee
371 1909 382 1923 e
393 1905 407 1923 t.
440 1901 503 1923 Nam
517 1905 540 1923 et
554 1901 602 1928 ipse
618 1901 727 1923 rumbum
742 1909 753 1923 e
768 1909 778 1923 c
792 1901 868 1928 equali
883 1901 931 1923 lon-

255 1939 361 1965 gitudine
373 1939 527 1961 circumdant.
560 1939 675 1961 Remanet
690 1939 763 1961 eciam
777 1939 837 1961 linea
852 1946 865 1960 a
879 1939 892 1960 h
904 1938 932 1960 si-

256 1976 317 1998 milis
330 1976 388 1998 linee
399 1979 406 1998 t
416 1976 431 2002 l,
443 1976 504 1998 linea
517 1984 571 2003 ergo
585 1979 591 1998 t
605 1976 612 1998 l
625 1976 706 1998 similis
719 1976 749 1998 sit
766 1976 809 2002 (est
824 1976 858 2002 D)
874 1976 932 1998 linee

256 2021 277 2035 m
289 2021 311 2036 n.
344 2013 388 2036 Sed
400 2017 422 2036 et
435 2014 495 2036 linea
506 2021 516 2035 c
527 2017 535 2035 t
546 2014 605 2036 linee
614 2021 628 2035 n
637 2021 648 2035 z
657 2013 703 2036 iarn
713 2013 789 2035 fuerat
799 2013 930 2036 consimilis.

256 2051 316 2073 Area
325 2051 396 2077 igitur
404 2059 475 2079 quam
485 2059 505 2073 m
515 2059 537 2076 η,
549 2059 562 2073 u
573 2059 583 2073 z
592 2051 738 2073 circumdant
747 2051 828 2073 similis
836 2055 869 2073 est
880 2058 932 2073 aree

258 2088 294 2115 (4-
306 2096 378 2116 quam
388 2097 399 2111 c
410 2092 424 2113 t.
436 2092 444 2111 ι
454 2089 462 2110 l
473 2089 554 2111 similis
562 2096 633 2116 quam
645 2092 652 2111 t
663 2097 674 2111 e
685 2088 838 2111 circumdant.
872 2089 932 2111 Area

256 2133 310 2153 ergo
321 2134 336 2148 n
346 2133 357 2148 z
367 2126 448 2148 similis
458 2130 493 2148 est
504 2134 556 2148 aree
567 2126 588 2148 D
598 2134 602 2153 ;
623 2134 638 2148 n
648 2134 659 2148 z
671 2129 710 2153 pro
721 2134 736 2148 n
748 2129 755 2148 t
765 2126 817 2151 del.)
830 2133 841 2148 c
852 2126 866 2148 l.
899 2126 930 2148 Et

256 2163 303 2186 iarn
316 2163 468 2186 manifestum
481 2167 515 2185 est
528 2163 641 2190 quoniam
654 2171 707 2186 area
720 2171 733 2185 α
745 2171 756 2185 z
768 2171 781 2190 4
794 2170 821 2185 ex
834 2170 931 2185 numero

256 2208 301 2228 que
313 2204 367 2223 sunt
382 2202 460 2228 (super
471 2201 504 2226 D)
518 2208 530 2227 3
543 2201 631 2223 radices
645 2201 779 2223 addidimus
793 2200 816 2222 in
831 2208 854 2222 se
870 2200 931 2222 obti-

256 2241 310 2260 neat
321 2238 366 2260 due
373 2238 444 2265 igitur
451 2246 503 2260 aree
511 2246 524 2260 α
533 2246 547 2260 n
558 2241 580 2260 et
590 2245 600 2260 t
608 2238 616 2260 l
625 2238 664 2260 vni
674 2245 726 2260 aree
735 2245 747 2259 α
757 2244 767 2260 z
777 2245 822 2264 que
831 2245 844 2264 4
853 2245 879 2260 ex
888 2245 931 2259 nu-

256 2283 320 2297 mero
332 2275 355 2297 in
367 2283 390 2297 se
404 2275 509 2298 continet
524 2275 547 2297 in
563 2275 700 2302 quantitate
716 2274 775 2297 fiunt
792 2275 930 2297 consimiles.

257 2313 413 2335 Manifestum
431 2320 485 2339 ergo
502 2316 537 2335 est
554 2313 622 2335 nobis
638 2313 750 2339 quoniam
768 2312 865 2334 rumbus
881 2320 891 2334 ε
908 2319 930 2334 m

256 2350 296 2377 qui
313 2350 412 2376 (numeri
428 2351 461 2375 D)
478 2358 504 2372 ex
519 2350 716 2377 multiplicatione
730 2349 835 2372 radicum
850 2350 874 2371 in
889 2357 930 2372 suo

256 2387 370 2410 consimili
380 2387 481 2410 deducte
490 2395 536 2414 que
546 2387 631 2410 scilicet
642 2387 735 2409 duobus
747 2387 803 2413 (duo
813 2387 885 2409 habet
895 2387 928 2413 D)

255 2429 279 2447 et
290 2425 393 2447 medium
404 2425 520 2451 colligitur
530 2429 608 2447 totum
619 2425 747 2452 adimpleat
760 2424 884 2451 (adimplet
895 2424 928 2451 D)

255 2462 279 2484 id
296 2466 331 2484 est
347 2462 394 2485 duo
410 2466 433 2484 et
451 2462 461 2489 ᾖ
479 2470 524 2489 que
540 2462 609 2484 simui
626 2462 736 2484 rumbum
752 2470 763 2484 e
778 2470 789 2484 c
805 2462 929 2489 perficiunt

256 2500 322 2523 cuius
335 2500 445 2522 videlicet
459 2500 561 2522 adiectio
575 2504 629 2522 sunt
644 2508 658 2527 4
671 2507 698 2522 ex
713 2507 810 2522 numero
824 2507 869 2526 que
884 2499 930 2521 due

256 2545 308 2560 aree
323 2545 336 2559 α
353 2545 374 2563 η,
391 2545 401 2559 c
416 2537 425 2559 l
440 2537 577 2564 adimplent.
610 2537 709 2564 Fietque
727 2537 818 2564 (Sitque
834 2537 867 2562 D)
885 2536 929 2559 hoc

256 2578 334 2597 totum
353 2575 443 2597 senario
464 2582 561 2597 numero
578 2578 601 2597 et
620 2575 690 2596 vnius
707 2577 734 2601 40
751 2574 861 2601 coequale
881 2573 928 2600 (co-

255 2612 350 2638 equales
361 2612 403 2638 D),
416 2612 482 2634 cuius
493 2612 561 2634 simul
573 2612 674 2635 radicem
688 2611 782 2638 (radicis
793 2612 826 2637 D)
838 2611 885 2634 duo
896 2615 926 2635 et.

1023 1834 1057 1853 13.
1075 1834 1087 1848 α
1099 1834 1110 1849 e
1120 1830 1140 1849 et
1150 1827 1183 1849 sic
1194 1826 1263 1853 infra.

1022 1871 1056 1891 14.
1074 1871 1087 1885 a
1098 1864 1120 1886 d.
1182 1871 1243 1890 quae
1255 1865 1280 1889 -l-
1291 1867 1322 1886 et.

1024 1908 1058 1928 15.
1075 1901 1122 1923 duo
1143 1904 1184 1927 pro
1205 1908 1287 1923 vnum,
1349 1908 1395 1928 que
1416 1901 1485 1923 simul
1507 1901 1592 1924 lineam
1614 1910 1624 1924 e
1645 1909 1658 1929 g

983 1938 1107 1965 perficiunt
1124 1938 1202 1965 (perfit
1215 1938 1258 1964 D).
1291 1938 1352 1960 Cum
1362 1945 1415 1965 ergo
1425 1938 1510 1961 lineam
1520 1946 1533 1960 a
1545 1947 1555 1961 e
1566 1946 1612 1966 que
1623 1943 1657 1962 est

983 1976 1049 1998 rad'ur
1061 1976 1138 1998 rumbi
1150 1984 1161 1998 c
1173 1984 1194 1998 m
1205 1983 1251 2003 que
1262 1975 1306 1998 hoc
1318 1979 1358 2002 pro
1369 1975 1432 1998 latus
1447 1993 1451 1998 .
1471 1994 1475 1998 .
1494 1994 1498 1998 .
1510 1976 1541 1998 id.

1024 2020 1058 2040 17.
1075 2014 1177 2036 radicem
1194 2014 1225 2035 D.
1287 2013 1311 2035 in
1327 2020 1370 2036 suo
1386 2013 1500 2036 consimili
1513 2014 1537 2039 -l-
1548 2013 1657 2036 deducte.

983 2051 1099 2078 colligitur
1111 2053 1135 2076 -l-
1148 2051 1277 2073 continent.

1024 2090 1057 2111 13.
1075 2088 1174 2111 obtinet.
1236 2095 1309 2115 quare
1319 2088 1385 2110 radix
1395 2088 1442 2111 duo
1453 2091 1508 2111 sunt
1519 2092 1542 2111 et
1553 2089 1656 2111 medium

985 2126 1021 2153 (ἦ-
1033 2133 1078 2153 que
1090 2126 1108 2148 si
1119 2126 1158 2152 V).

1022 2171 1056 2190 19.
1073 2171 1084 2186 e
1093 2171 1113 2190 g.
1176 2171 1199 2185 m
1210 2170 1233 2185 se
1243 2170 1286 2185 om.

1022 2208 1057 2223 20.
1075 2201 1240 2223 addiderimus
1303 2200 1374 2227 igitur
1385 2207 1428 2222 om.

1022 2245 1057 2260 21.
1074 2246 1087 2260 α
1098 2246 1110 2265 g
1121 2246 1167 2265 que
1177 2242 1212 2260 est
1223 2238 1288 2260 radix
1300 2238 1433 2260 substantie
1443 2245 1489 2265 que
1499 2241 1534 2260 est
1545 2245 1600 2260 area
1610 2245 1623 2260 a
1633 2238 1656 2260 d.

1022 2283 1056 2297 22.
1074 2276 1145 2302 igitur
1165 2276 1197 2302 V;
1226 2283 1280 2302 ergo
1299 2276 1321 2297 D
1342 2279 1382 2302 pro
1402 2279 1490 2297 autem.
1555 2277 1581 2298 16
1593 2277 1618 2301 -l-
1629 2279 1656 2298 ut

982 2312 1088 2335 subiecta
1101 2313 1169 2335 docet
1183 2312 1319 2340 descripcio.

1022 2358 1056 2377 23.
1074 2351 1221 2377 geometrice.
1283 2357 1330 2377 que
1341 2350 1413 2372 oculis
1426 2350 1512 2372 mentis
1523 2350 1589 2377 quasi
1600 2358 1656 2377 qua-

982 2388 1037 2410 dam
1048 2388 1187 2410 difficultate
1199 2387 1369 2415 concipiuntur,
1379 2388 1506 2415 perspectis
1515 2388 1549 2410 his
1560 2388 1613 2415 (hiis
1622 2387 1654 2414 D)

981 2426 1121 2453 geometrice
1132 2425 1218 2452 figuris,
1231 2425 1269 2448 ad.

1021 2470 1056 2490 ²5-
1073 2462 1200 2485 faciliorem
1216 2462 1361 2490 disciplinem
1377 2462 1408 2484 D.
1479 2462 1592 2490 prebeant
1608 2462 1656 2484 adi-

980 2503 1047 2527 tum;
1064 2500 1143 2522 aditur
1155 2504 1253 2527 paratur
1266 2500 1293 2522 C.
1325 2500 1415 2527 Pagina
1423 2500 1470 2527 sere
1482 2503 1524 2522 tota
1537 2507 1581 2521 vac.
1594 2500 1622 2522 V.

1020 2539 1054 2559 26.
1072 2537 1204 2560 Mahumed
1225 2537 1369 2564 Algorismus
1387 2537 1420 2563 V;
1454 2536 1602 2559 Mauhumed
1624 2536 1656 2559 al-

979 2575 1088 2601 gaorisim
1102 2575 1132 2596 D.
1197 2575 1297 2597 Titulum
1311 2582 1354 2596 om.
1367 2574 1393 2596 C.

1019 2618 1053 2638 27.
1071 2611 1203 2635 Mahumed
1214 2611 1356 2638 Alguariznu·
1370 2611 1512 2638 (algaorismi
1524 2611 1567 2638 D).
