1780 2995
201 293 259 334 156
365 296 520 323 ADDITA
548 295 746 331 QUAEDAM
775 296 852 324 PRO
881 296 1195 324 DECLARATIONE
1222 296 1431 324 ALGEBRAE

172 402 181 417 1
693 388 831 426 Quaestio
846 388 959 418 decima
974 389 1099 426 septima

234 455 335 485 Diuisi
358 454 538 485 drachmam
561 459 592 484 et
615 455 771 484 semissem
793 455 872 484 inter
895 455 1034 484 homines
1057 460 1087 484 et
1109 460 1230 493 partem
1253 454 1393 492 hominis,
1417 460 1448 485 et
1471 455 1600 494 contigit

194 505 311 535 homini
327 505 456 544 duplum
472 505 535 535 eius
551 505 634 543 quod
649 505 740 543 parti.
784 505 909 542 Quanta
924 505 1016 543 igitur
1032 505 1123 534 fuerit
1138 515 1218 543 pars,
1235 505 1401 543 quaeritur.

668 555 885 593 Respondetur
901 565 936 584 ex
952 555 1072 593 regula:
1099 553 1125 591 ὲ,

169 620 181 640 5
234 605 361 643 Regula.
405 605 493 635 Idem
512 610 557 635 est
577 605 669 634 homo
688 610 718 634 et
737 615 817 643 pars,
838 615 873 634 ac
891 605 916 634 si
935 605 1059 641 diceres,
1079 615 1175 634 vnum
1194 610 1224 634 et
1244 615 1298 634 res.
1342 605 1511 635 Diuidatur
1530 615 1600 643 ergo

193 655 341 685 drachma
357 661 387 685 et
403 656 494 685 semis
508 655 539 684 in
554 665 651 684 vnum
667 659 697 684 et
712 665 785 691 rem,
802 660 832 684 et
848 655 973 684 venient
991 665 1004 684 2
1021 665 1076 684 res.
1119 655 1296 693 Multiplica
1311 655 1421 684 deinde
1438 665 1452 684 2
1469 665 1514 684 res
1530 665 1599 685 cum

193 705 340 735 drachma
361 710 391 735 et
413 715 444 734 re
464 710 495 734 et
515 705 590 734 fient
614 715 628 734 2
650 715 757 734 census
777 709 808 734 et
831 715 844 734 2
866 715 922 741 res,
944 715 1024 743 quae
1044 710 1217 743 aequantur
1237 705 1401 734 drachmae
1422 710 1452 734 et
1473 705 1598 735 semissi.

193 755 382 784 Reducendo
395 755 488 793 igitur
501 755 541 784 ad
554 765 651 784 vnum
664 765 799 791 censum,
814 755 862 784 dic
876 755 960 793 quod
974 765 1081 784 census
1095 760 1125 784 et
1139 765 1194 791 res,
1209 760 1380 793 aequentur
1393 754 1411 793 ἒ
1424 755 1597 784 drachmae.

192 806 256 843 Age
275 805 368 843 igitur
385 815 439 843 per
458 810 561 843 caput,
581 815 642 843 quo
661 815 768 834 census
787 809 817 834 et
835 815 882 834 res
900 815 1027 834 numero
1046 809 1266 843 coaequantur,
1286 805 1520 843 multiplicando
1538 815 1599 834 me-

155 868 182 883 10
193 855 342 884 dietatem
359 855 400 884 rei
417 856 447 884 in
464 855 572 893 seipsa,
590 859 620 884 et
637 854 671 884 fit
688 859 809 893 quarta,
827 864 906 893 quae
922 854 1029 884 addita
1046 854 1086 884 ad
1102 854 1121 893 -Ξ
1136 855 1211 884 facit
1227 865 1333 891 vnum,
1351 855 1436 884 cuius
1451 855 1537 884 radix
1553 859 1599 885 est

193 915 299 942 vnum,
314 915 332 934 a
346 915 407 943 qua
421 904 568 934 subtrahe
582 904 781 934 medietatem
794 905 837 934 rei
851 909 881 934 et
896 909 1001 934 manet
1015 904 1175 941 medietas,
1189 915 1260 943 pars
1274 915 1354 944 quae
1367 905 1534 943 quaeritur.

702 988 840 1025 Quaestio
855 988 967 1017 decima
982 992 1085 1017 octaua

232 1054 333 1084 Diuisi
345 1054 525 1084 drachmam
537 1055 617 1084 inter
628 1054 766 1083 homines
779 1059 809 1083 et
821 1054 965 1092 prouenit
977 1054 1067 1083 simul
1080 1064 1135 1091 res,
1149 1054 1259 1084 deinde
1271 1054 1377 1084 addidi
1390 1055 1431 1084 eis
1443 1055 1598 1084 hominem

192 1109 223 1134 et
241 1109 349 1142 postea
367 1105 457 1134 diuisi
476 1105 655 1134 drachmam
673 1104 753 1133 inter
771 1114 831 1140 eos,
851 1108 881 1133 et
900 1104 1024 1133 cuilibet
1044 1104 1173 1142 contigit
1192 1105 1292 1134 minus
1310 1104 1394 1143 quod
1411 1105 1495 1143 prius
1513 1110 1598 1134 sexta

154 1165 179 1186 15
192 1157 280 1190 parte
297 1152 470 1182 drachmae.
514 1153 597 1190 Quot
613 1154 706 1192 igitur
723 1153 836 1183 fuerint
853 1153 1001 1190 homines,
1019 1154 1186 1192 quaeritur.

677 1203 894 1242 Respondetur
909 1214 943 1233 ex
958 1204 1078 1241 regula:
1105 1214 1130 1233 2.

232 1253 359 1290 Regula.
403 1253 504 1282 Huius
524 1253 664 1291 quaestio
686 1253 889 1283 consideratio
910 1258 956 1283 est
976 1258 1011 1283 vt
1032 1254 1217 1291 multiplices
1236 1254 1374 1284 homines
1394 1254 1508 1292 primos
1529 1264 1598 1284 cum

192 1302 346 1332 diminuto
362 1303 442 1332 inter
459 1302 641 1339 diuisiones;
669 1303 780 1333 deinde
797 1303 981 1341 multiplices
998 1308 1198 1341 aggregatum
1215 1313 1285 1333 cum
1301 1304 1477 1334 hominibus
1493 1304 1599 1342 primis

192 1357 223 1382 et
240 1362 310 1382 cum
326 1352 450 1382 homine
467 1353 584 1389 addito,
602 1358 633 1382 et
649 1353 809 1391 proueniet
827 1363 935 1383 census
952 1358 1033 1382 tuus.
1078 1353 1161 1383 Scias
1178 1358 1293 1390 autem,
1307 1354 1391 1392 quod
1406 1354 1464 1384 hoc
1481 1364 1542 1383 non
1559 1354 1598 1384 sit

152 1416 180 1431 20
191 1402 405 1432 vniuersaliter
417 1413 524 1432 verum
536 1408 571 1432 vt
584 1403 684 1439 credo,
698 1408 783 1432 sexta
799 1413 906 1432 census
922 1408 953 1432 et
969 1408 1055 1432 sexta
1070 1403 1191 1439 radicis,
1205 1413 1285 1441 quae
1300 1409 1474 1442 aequantur
1490 1404 1597 1433 drach-

191 1462 268 1482 mae.
311 1453 371 1482 Dic
393 1462 473 1490 erg0,
492 1463 537 1482 res
555 1453 746 1492 integrandO,
765 1453 848 1491 quod
866 1462 972 1482 census
990 1457 1021 1482 et
1038 1462 1084 1482 res
1102 1457 1273 1490 aequentur
1291 1455 1308 1482 6
1331 1453 1492 1483 drachmis.
1535 1454 1599 1491 Age

191 1502 284 1540 igitur
302 1513 356 1541 per
375 1507 468 1540 caput
486 1513 549 1541 quo
569 1513 675 1532 census
695 1507 725 1532 et
744 1512 790 1532 res
809 1503 944 1532 numeris
963 1507 1178 1541 coaequentur.
1229 1503 1469 1541 Multiplicando
1487 1503 1599 1533 medie-

192 1557 289 1581 tatem
304 1552 442 1581 radicum
457 1562 527 1582 cum
541 1552 649 1590 seipsa,
665 1557 693 1582 et
710 1552 745 1582 fit
759 1557 880 1590 quarta,
897 1562 991 1590 quam
1005 1552 1084 1581 adde
1098 1552 1138 1581 ad
1153 1554 1170 1581 6
1184 1552 1346 1582 drachmas
1361 1557 1391 1582 et
1405 1553 1535 1582 veniunt
1550 1552 1597 1591 δὲ.

191 1602 268 1631 Inde
282 1602 367 1631 radix
382 1602 534 1640 quadrata
549 1607 638 1631 erunt
655 1612 668 1631 2
684 1607 714 1631 et
729 1602 818 1631 semis
837 1612 855 1631 a
874 1612 935 1640 qua
949 1602 1109 1632 subtracta
1123 1602 1289 1632 medietate
1308 1602 1457 1640 radicum,
1471 1607 1598 1632 manent

153 1665 178 1685 25
193 1662 218 1689 2,
234 1652 287 1690 qui
303 1656 348 1681 est
363 1662 507 1681 numerus
522 1652 690 1681 hominum.

620 1727 758 1765 Sequitur
772 1727 868 1756 vltimo
882 1727 916 1756 de
931 1727 1014 1756 rebus
1028 1727 1177 1756 venalibus

230 1794 309 1823 Sunt
330 1798 435 1823 autem
456 1793 673 1823 conuentiones
694 1793 941 1831 negociationum
967 1803 1046 1831 quae
1072 1793 1151 1822 fiunt
1171 1793 1202 1822 in
1223 1794 1410 1831 venditione,
1432 1794 1598 1832 emptione,

190 1843 429 1882 permutatione,
444 1848 475 1872 et
489 1843 615 1872 caeteris
630 1843 729 1879 rebus,
745 1843 913 1872 secundum
928 1842 1004 1872 duos
1019 1842 1135 1872 modos.

231 1893 351 1922 Primus
370 1898 416 1922 est
440 1893 558 1929 modus,
579 1898 613 1922 vt
638 1893 661 1922 si
681 1893 810 1930 dicatur,
833 1893 938 1922 decem
962 1902 1008 1922 res
1032 1892 1177 1921 venditae
1201 1895 1273 1921 sunt
1297 1892 1314 1920 6
1339 1889 1501 1926 drachmis,
1521 1894 1597 1928 quot

151 1956 180 1975 30
191 1943 283 1980 igitur
298 1943 427 1972 veniunt
441 1953 459 1979 4
474 1943 650 1972 drachmis?

231 1992 388 2022 Secundus
417 1992 527 2022 modus
557 1997 612 2029 est,
638 1997 673 2022 vt
697 1992 721 2021 si
746 1992 877 2029 dicatur,
903 1992 1008 2022 decem
1038 2002 1084 2021 res
1109 1991 1255 2021 venditae
1279 1994 1352 2020 sunt
1384 1991 1402 2019 6
1431 1988 1597 2025 drachmis,

191 2047 345 2081 quantum
359 2042 453 2080 igitur
466 2047 512 2072 est
525 2043 662 2081 precium
676 2053 693 2078 4
707 2052 807 2071 rerum
819 2043 831 2071 ?

230 2093 268 2121 In
282 2092 382 2130 primo
397 2103 479 2129 casu,
499 2103 533 2121 10
548 2103 594 2122 res
609 2097 655 2122 est
671 2102 814 2122 numerus
830 2091 999 2130 appreciati
1014 2091 1182 2121 secundum
1197 2090 1394 2129 positionem,
1411 2093 1441 2118 et
1458 2090 1475 2118 6
1491 2087 1598 2118 drach-

191 2152 259 2171 mae
282 2147 328 2171 est
357 2143 513 2180 praecium
537 2142 707 2172 secundum
728 2142 929 2180 positionem;
962 2141 1102 2179 quaestio
1124 2145 1210 2179 quot,
1234 2145 1280 2170 est
1301 2149 1446 2169 numerus
1475 2138 1597 2176 ignotus

151 2203 178 2223 35
191 2191 360 2229 appreciati
382 2191 550 2221 secundum
571 2196 780 2229 quaerentem,
802 2196 832 2221 et
853 2202 871 2227 4
892 2201 939 2220 res
959 2191 1096 2229 precium
1117 2190 1286 2220 secundum
1307 2193 1515 2228 quaerentem.
1559 2188 1596 2217 In

191 2241 325 2270 secundo
347 2251 429 2278 casu,
452 2241 587 2279 precium
610 2246 640 2270 et
662 2241 874 2279 appreciatum
895 2241 1063 2270 secundum
1084 2240 1278 2279 positionem,
1301 2244 1373 2268 sunt
1395 2243 1430 2267 vt
1450 2238 1544 2276 prius,
1567 2242 1596 2267 et

192 2291 332 2329 quaestio
353 2295 384 2320 et
404 2291 540 2329 precium
561 2291 729 2320 secundum
750 2296 949 2329 quaerentem
970 2295 1001 2320 et
1021 2301 1039 2327 4
1060 2301 1105 2320 res
1127 2295 1172 2320 est
1193 2289 1407 2328 appreciatum
1428 2287 1596 2317 secundum

192 2345 400 2379 quaerentem.
444 2341 532 2370 Vnde
560 2341 697 2379 precium
726 2341 894 2370 secundum
922 2341 1106 2379 positionem
1136 2340 1248 2369 dicitur
1277 2338 1391 2377 opponi
1420 2337 1597 2375 appreciato

191 2390 361 2420 secundum
392 2395 590 2429 quaerentem
621 2396 651 2420 et
681 2391 894 2429 appreciatum
924 2390 1092 2420 secundum
1122 2390 1307 2428 positionem
1338 2388 1452 2417 dicitur
1482 2386 1597 2425 opponi

153 2451 181 2470 40
192 2440 294 2478 precio
315 2441 484 2470 secundum
506 2445 715 2479 quaerentem.
759 2441 936 2478 Multiplica
958 2440 1050 2478 igitur
1071 2440 1151 2470 inter
1171 2450 1212 2475 se,
1234 2444 1264 2469 et
1286 2438 1473 2477 productum
1494 2436 1598 2466 diuide

192 2490 223 2519 in
239 2490 365 2520 tertium
379 2491 507 2520 modum
521 2495 552 2520 et
565 2490 682 2520 exhibit
696 2495 825 2529 quartus
838 2490 961 2529 ignotus
975 2500 1028 2529 per
1042 2490 1160 2528 regulas
1174 2494 1308 2528 quatuor
1321 2486 1597 2527 proportionalium

193 2540 418 2578 quantitatum.

405 2623 487 2652 Finis
501 2623 740 2653 annotationum
754 2633 809 2661 pro
823 2623 1029 2653 declaratione
1043 2623 1216 2660 regularum
1231 2620 1389 2659 Algebrae.
