1780 2995
179 458 188 472 1
332 438 499 467 ADDITA
528 437 742 475 QUAEDAM
772 438 854 468 PRO
883 438 1219 468 DECLARATIONE
1247 438 1474 468 ALGEBRAE

240 529 510 560 Combinationem
534 529 684 567 triplicem
706 529 737 558 in
759 529 900 559 censibus
922 529 1098 567 reperimus,
1121 534 1176 559 aut
1199 529 1280 559 enim
1303 539 1410 559 census
1433 534 1464 559 et
1486 529 1603 560 radices

199 584 373 618 aequantur
392 579 535 616 numeris,
556 584 610 609 aut
630 589 737 609 census
756 584 787 609 et
806 579 924 609 numeri
944 584 1118 617 aequantur
1136 579 1301 616 radicibus,
1321 584 1377 609 aut
1396 579 1468 609 vero
1487 580 1604 610 radices

200 634 230 659 et
245 629 365 659 numeri
379 629 519 659 censibus
533 634 716 668 aequantur.

176 737 188 758 s
629 729 807 766 Exemplum
823 729 1050 758 combinationis
1064 729 1179 767 primae

239 812 357 842 Census
378 816 409 841 et
424 816 495 842 octo
512 812 629 841 radices
645 811 708 841 eius
724 822 740 849 3
743 822 759 849 3
777 811 909 840 denariis
930 811 1148 850 aequipollent.
1187 811 1352 849 Quaeritur
1370 822 1450 850 ergo,
1469 817 1605 850 quantus

198 866 244 891 est
260 872 367 891 census
377 862 391 891 'r'

753 911 987 948 Respondetur:
1015 921 1042 948 9.

237 961 355 999 Regula
382 966 438 998 est,
466 965 502 990 vt
528 960 716 999 productum
743 971 778 990 ex
806 960 973 990 medietate
1000 960 1139 990 radicum
1166 970 1237 990 cum
1263 960 1362 998 seipsa
1389 961 1605 999 multiplicata,

161 1025 187 1039 10
197 1011 311 1040 scilicet
334 1013 379 1046 16,
396 1011 436 1040 ad
456 1021 628 1046 numerum,
646 1021 693 1048 33,
711 1010 862 1039 addamus
879 1015 910 1039 et
926 1010 1077 1039 resultant
1097 1020 1145 1048 49,
1163 1010 1249 1040 cuius
1269 1010 1355 1040 radix
1371 1015 1417 1040 est
1435 1020 1460 1049 7.
1502 1011 1606 1049 Atque

197 1061 236 1090 ab
253 1061 310 1090 hac
326 1061 427 1090 radice
442 1061 642 1090 medietatem
658 1060 808 1097 radicum,
825 1071 844 1096 4
860 1060 984 1097 seilicet,
1001 1060 1231 1098 subtrahamus,
1248 1065 1279 1090 et
1295 1061 1466 1090 manebunt
1482 1071 1510 1099 3,
1527 1071 1606 1100 quae

197 1115 269 1140 sunt
285 1111 372 1140 radix
388 1121 503 1140 census.
548 1111 604 1140 Est
620 1110 712 1148 igitur
728 1120 835 1140 census
852 1120 878 1148 9.

236 1161 318 1190 Item
336 1161 360 1190 si
378 1161 508 1197 dicatur,
528 1160 590 1190 duo
608 1171 715 1190 census
734 1165 764 1190 et
783 1165 854 1190 octo
873 1160 990 1190 radices
1008 1165 1081 1190 sunt
1100 1160 1242 1199 aequales
1261 1160 1467 1199 quadraginta
1485 1161 1606 1191 duobus

197 1210 338 1240 denariis.
382 1211 489 1240 Reduc
503 1211 715 1249 quaestionem
729 1210 769 1240 ad
783 1221 880 1240 vnum
895 1220 1020 1240 censum
1034 1210 1084 1240 sic.
1129 1211 1160 1240 Si
1176 1221 1190 1239 2
1205 1220 1313 1246 census
1326 1215 1356 1240 et
1370 1212 1388 1239 8
1401 1210 1518 1240 radices
1532 1214 1604 1240 sunt

161 1272 185 1292 15
197 1271 233 1296 42
251 1261 377 1297 denarii,
395 1261 488 1299 igitur
504 1271 583 1290 Vnus
600 1271 706 1290 census
723 1265 754 1290 et
770 1271 788 1297 4
805 1260 921 1290 radices
938 1265 1011 1290 sunt
1029 1271 1074 1290 21.
1118 1260 1284 1299 Operando
1300 1260 1394 1298 igitur
1410 1271 1463 1298 per
1479 1261 1555 1290 illud
1571 1271 1607 1291 ex

198 1310 407 1348 duplicatione
421 1315 452 1340 et
465 1310 624 1349 peruenies
638 1310 669 1340 in
684 1311 743 1340 fine
757 1311 797 1340 ad
811 1310 977 1340 intentum.

237 1358 318 1387 Item
332 1358 357 1387 si
370 1358 463 1395 dicas,
478 1358 627 1388 medietas
641 1368 748 1388 census
763 1363 793 1388 et
807 1368 825 1394 4
839 1358 956 1388 radices
971 1363 1044 1388 sunt
1058 1358 1201 1397 aequales
1218 1356 1272 1395 16}
1287 1358 1428 1387 denariis.

238 1408 345 1437 Reduc
363 1408 576 1446 quaestionem
594 1408 634 1438 ad
652 1408 805 1446 integrum
824 1418 959 1446 censum,
979 1413 1010 1438 et
1028 1408 1158 1438 dimidia
1176 1413 1289 1445 totum,
1308 1411 1341 1437 et
1358 1408 1480 1446 patebit
1497 1408 1528 1438 in
1547 1408 1606 1439 fine

197 1457 366 1487 intentum.

160 1548 187 1562 20
619 1541 797 1579 Exemplum
812 1541 1038 1570 combinatiom‘s
1053 1541 1196 1570 secundae

238 1624 355 1653 Census
371 1628 402 1653 et
420 1633 453 1662 15
470 1624 587 1654 denarii
602 1624 708 1653 valent
723 1629 793 1653 octo
809 1624 936 1661 radices,
953 1628 1090 1662 quantus
1106 1624 1200 1662 igitur
1215 1628 1261 1654 est
1277 1634 1384 1654 census
1394 1624 1408 1653 ?

690 1674 924 1712 Respondetur:
951 1684 979 1711 9,
995 1674 1043 1703 vel
1060 1683 1105 1712 25.

238 1724 364 1762 Regula.
408 1724 478 1753 Duc
495 1724 694 1754 medietatem
712 1724 850 1753 radicum
868 1724 899 1753 in
916 1734 957 1761 se,
976 1728 1007 1753 et
1024 1724 1104 1753 fiunt
1124 1726 1167 1753 16.
1211 1724 1257 1753 Ex
1274 1724 1387 1762 quibus
1404 1723 1551 1754 subtrahe
1570 1732 1604 1762 15

198 1773 338 1803 denarios
354 1778 384 1803 et
400 1778 506 1803 manet
522 1784 627 1811 vnum,
639 1774 724 1803 cuius
741 1774 886 1810 radicem,
897 1774 1011 1803 scilicet
1027 1784 1134 1811 vnum,
1146 1773 1294 1803 subtrahe
1309 1784 1327 1803 a
1343 1773 1510 1803 medietate
1525 1774 1605 1803 radi-

160 1836 185 1856 25
198 1833 277 1860 cum,
295 1828 325 1853 et
342 1829 469 1853 manent
486 1834 513 1861 3,
531 1834 610 1862 quae
626 1829 698 1853 sunt
714 1824 800 1853 radix
817 1834 933 1853 census.
976 1824 1031 1853 Vel
1048 1823 1123 1853 illud
1139 1834 1236 1853 vnum
1252 1823 1332 1853 adde
1348 1823 1388 1853 ad
1404 1824 1604 1854 medietatem

198 1873 346 1910 radicum,
364 1878 394 1903 et
412 1873 541 1903 veniunt
560 1882 575 1911 5
593 1883 672 1912 quae
689 1878 761 1903 sunt
778 1873 864 1903 radix
882 1884 998 1903 census.
1043 1874 1136 1903 Patet
1152 1873 1254 1911 igitur,
1268 1873 1482 1912 quaestionem
1499 1884 1605 1904 secun-

198 1923 272 1952 dum
287 1928 441 1962 vtranque
455 1928 577 1962 partem
592 1933 656 1953 esse
671 1933 787 1960 veram,
804 1923 873 1953 ideo
888 1928 1012 1961 oportet
1028 1928 1063 1953 vt
1079 1933 1129 1953 eas
1144 1923 1328 1953 determines
1343 1923 1530 1953 distinctiue.

799 2023 825 2052 C
826 2023 996 2052 orollarium

238 2105 422 2136 Notandum
443 2106 466 2135 si
489 2106 677 2145 quadratum
699 2105 874 2135 medietatis
896 2105 1034 2135 radicum
1055 2105 1157 2135 minus
1178 2105 1271 2135 fuerit
1292 2116 1387 2144 quam
1408 2110 1455 2135 est
1476 2105 1603 2136 vltimus

159 2166 188 2186 30
198 2165 342 2185 numerus
358 2155 544 2194 propositus,
562 2161 597 2185 vt
612 2155 637 2185 si
653 2155 783 2192 dicatur,
801 2166 908 2185 census
924 2160 954 2185 et
973 2164 1008 2193 15
1024 2155 1142 2185 numeri
1158 2160 1230 2185 sunt
1246 2156 1388 2194 aequales
1405 2158 1422 2185 6
1437 2155 1602 2193 radicibus,

199 2209 274 2234 tunc
290 2206 431 2243 quaestio
447 2206 644 2244 impossibilis
660 2206 726 2235 erit.
771 2205 801 2235 Si
816 2206 889 2235 vero
906 2205 997 2235 fuerit
1014 2205 1124 2235 vltimo
1140 2205 1300 2243 proposito
1316 2216 1444 2235 numero
1465 2205 1602 2244 aequalis

198 2259 234 2284 vt
248 2255 272 2284 si
286 2255 416 2292 dicatur,
432 2265 539 2285 census
553 2260 584 2285 et
598 2266 616 2293 9
629 2255 745 2285 denarii
759 2255 864 2285 valent
878 2257 896 2285 6
909 2255 1035 2292 radices,
1051 2260 1125 2285 tunc
1139 2255 1288 2285 medietas
1302 2255 1440 2285 radicum
1454 2260 1501 2284 est
1514 2255 1601 2285 radix

199 2315 315 2334 census.
359 2305 389 2335 Si
409 2310 514 2335 autem
534 2305 674 2344 quaestio
693 2305 811 2335 venerit
831 2315 901 2335 cum
920 2305 1059 2343 pluribus
1080 2305 1230 2342 censibus,
1250 2310 1306 2335 aut
1324 2305 1520 2344 paucioribus
1540 2315 1602 2335 vno

199 2364 301 2391 censu⁷
316 2355 409 2385 reduc
422 2355 462 2384 ad
476 2366 573 2385 vnum
587 2365 722 2392 censum,
737 2360 768 2385 et
782 2365 907 2393 operare
920 2360 956 2385 vt
970 2365 1062 2393 supra
1076 2355 1195 2385 dictum
1209 2360 1264 2385 est.

160 2467 187 2488 35
634 2455 812 2492 Exemplum
827 2455 1052 2484 combinationis
1067 2455 1167 2484 tertiae

238 2537 380 2574 Quatuor
395 2537 511 2567 radices
528 2542 559 2567 et
578 2548 611 2567 12
629 2537 746 2567 denarii
762 2538 865 2567 censui
881 2538 1099 2576 aequipollent.

239 2587 355 2624 Reduc,
368 2587 426 2617 hoc
442 2593 488 2617 est
505 2588 686 2626 multiplica,
700 2587 899 2617 medietatem
916 2588 1054 2617 radicum
1070 2588 1101 2617 in
1118 2597 1159 2624 se,
1172 2592 1203 2617 et
1219 2587 1299 2617 fiunt
1315 2597 1342 2623 4.
1385 2586 1504 2624 Quibus
1520 2586 1601 2616 adde

874 2637 919 2660 128
