1780 2995
222 260 284 291 126
553 260 674 288 LIBER
702 259 913 287 ALGEBRAE
940 259 991 287 ET
1017 259 1286 287 ALMUCABOLA

194 460 205 476 1
345 444 517 474 REGULE
545 446 562 474 6
591 443 812 473 CAPITULIS
841 442 1039 473 ALGABRE
1069 443 1492 475 CORRESPONDENTES

256 535 369 565 Prima.
386 535 517 573 Quando
535 535 668 565 numeris
687 534 894 564 assimilantur
912 531 965 570 'lq
981 534 1195 565 committatur
1209 531 1238 572 φ
1255 545 1310 574 per
1323 538 1371 574 ἶ(
1389 540 1419 565 et
1434 535 1620 575 productum

216 586 352 616 ostendit
368 585 531 624 quesitum.

258 670 296 698 2⁰.
319 668 451 706 Quando
464 666 492 705 φ
507 668 716 697 assimilantur
727 664 756 706 δ’
771 667 985 697 committatur
996 664 1023 705 φ
1034 677 1088 705 per
1099 664 1127 706 δ’
1141 672 1171 697 et
1183 668 1270 698 radix
1284 668 1434 706 propositi
1450 666 1617 707 (producti)

193 727 206 748 5
216 719 353 748 ostendit
369 718 534 757 quesitum.

255 804 297 842 3⁰.
319 803 451 841 Quando
461 801 515 838 ‘KQ
526 803 734 833 assimilantur
747 799 773 842 δ’
786 802 1001 832 committatur
1014 801 1078 840 [per
1088 801 1125 839 φ]
1138 812 1193 841 per
1202 798 1235 842 Z*
1248 808 1278 833 et
1288 803 1475 842 productum
1484 804 1619 834 ostendit

216 854 382 893 quesitum.

255 941 296 976 4¹¹.
319 939 451 977 Quando
475 938 504 976 φ
527 939 735 968 assimilantur
754 939 806 975 'ZQ
826 936 851 977 7
869 934 905 977 ᾖ,
923 939 949 979 φ
963 936 989 978 7
1003 939 1056 974 ‘ZQ
1078 938 1193 968 debent
1212 948 1266 977 per
1290 934 1318 976 ἃ
1340 938 1510 975 committi;
1534 939 1620 969 radix

216 992 353 1028 mediari,
372 992 509 1021 medium
527 992 558 1021 in
577 1002 608 1021 se
627 991 706 1028 duci,
731 991 918 1029 productum
941 1001 1068 1020 numero
1091 991 1172 1020 addi.
1218 991 1319 1021 Radix
1342 991 1440 1021 tocius
1463 993 1619 1030 aggregati

178 1055 206 1070 10
216 1042 317 1071 minus
332 1042 499 1071 medietate
511 1043 557 1080 ἶ(
575 1041 711 1071 ostendit
725 1041 808 1080 quod
823 1041 970 1079 queritur.

257 1125 286 1163 5⁰
302 1125 414 1162 regula.
437 1124 569 1162 Quando
583 1121 635 1158 ‘ZQ
649 1124 859 1153 assimilantur
871 1119 900 1162 φ
914 1118 938 1158 7
954 1112 993 1160 ἆ,
1007 1116 1059 1154 ἶ(
1069 1118 1092 1160 ’7
1106 1116 1135 1164 φ
1149 1124 1263 1154 debent
1274 1121 1362 1163 per}
1375 1125 1544 1161 committi;
1567 1122 1615 1161 ἶ(

216 1174 353 1210 mediati,
372 1174 508 1203 medium
526 1174 556 1203 in
575 1184 606 1203 se
625 1174 704 1210 duci,
725 1184 742 1203 a
760 1174 912 1212 producto
933 1174 962 1214 φ
978 1175 1128 1211 subtrahi,
1146 1171 1190 1204 7—ss
1205 1174 1318 1203 residui
1342 1184 1360 1203 a
1381 1174 1548 1204 medietate
1563 1178 1616 1214 ἶ(

216 1224 282 1254 tolli
306 1229 337 1253 et
360 1224 417 1253 hiis
439 1224 596 1253 residuum
618 1224 754 1253 ostendit
777 1224 942 1262 quesitum.
985 1225 1075 1263 Quod
1098 1225 1123 1254 si
1146 1224 1199 1259 'ZQ
1220 1224 1333 1254 residui
1354 1234 1372 1254 a
1395 1224 1616 1266 medietati'zq

216 1278 356 1308 subtrahi
372 1288 433 1307 non
448 1282 562 1316 potest,
579 1278 690 1307 addere
705 1278 775 1307 licet
791 1278 930 1309 eandem.

178 1381 206 1403 15
256 1367 297 1396 6⁰.
319 1366 451 1404 Quando
461 1364 488 1404 ἦ
499 1366 709 1396 assimilantur
718 1369 744 1407 φ
764 1365 788 1408 7
801 1367 868 1400 ZQ.
910 1367 976 1396 Hec
989 1367 1103 1396 debent
1114 1376 1168 1405 per
1182 1360 1211 1406 ᾗ
1223 1365 1376 1395 committi
1387 1375 1393 1402 ;
1414 1362 1466 1399 7(
1479 1366 1616 1402 mediari,

216 1416 352 1446 medium
367 1417 398 1445 in
414 1426 445 1446 se
463 1416 543 1452 duci,
559 1416 746 1454 productum
765 1412 793 1453 φ
813 1416 895 1446 addi.
939 1417 1041 1446 Radix
1059 1416 1215 1454 aggregati
1232 1416 1302 1454 plus
1320 1415 1486 1445 medietate
1505 1413 1553 1452 ’ΖΚ
1571 1426 1618 1445 os-

217 1466 318 1496 tendit
333 1466 417 1505 quod
432 1466 579 1505 queritur.

695 1537 759 1558 1-17,
781 1531 869 1558 Regule
881 1548 886 1553 .
904 1549 910 1553 .
928 1549 932 1553 .
945 1530 1050 1558 queritur
1062 1531 1105 1553 add
1116 1531 1144 1555 V.
