1780 2995
231 249 270 279 82
567 251 686 278 LIBER
713 250 922 278 ALGEBRAE
950 251 1003 278 ET
1028 251 1296 278 ALMUCABOLA

208 357 218 372 1
231 341 460 379 subtrahamus,
473 346 504 371 et
520 341 691 371 manebunt
705 352 720 379 3
733 352 738 377 ;
761 351 841 379 quae
857 341 938 371 latus
951 341 1096 379 quadrati
1108 352 1126 370 α
1139 342 1154 371 h
1166 341 1224 371 hoc
1240 346 1286 371 est
1301 351 1397 372 vnam
1412 341 1546 372 radicem
1561 342 1631 372 sub-

230 392 365 421 stantiae
376 391 552 430 propositae
564 391 716 430 complere
727 391 908 429 probantur.
945 391 1019 420 Tria
1031 391 1124 429 igitur
1135 391 1226 421 huius
1238 391 1432 421 substantiae
1444 396 1516 421 sunt
1529 392 1614 422 radix
1625 402 1631 428 ;

230 446 261 471 et
276 442 451 471 substantia
465 451 587 471 nouem.

564 505 610 533 De
624 504 787 533 substantia
804 507 829 532 et
843 503 991 533 drachmis
1006 513 1050 533 res
1065 504 1301 542 coaequantibuS.

205 576 218 598 5
270 567 452 597 Substantia
467 571 498 596 et
514 577 546 596 21
563 566 729 596 drachmae
746 576 780 595 10
795 566 884 595 rebus
898 566 1150 604 aequiparantur.

270 616 443 655 Propositio
460 617 536 646 haec
553 626 606 646 seu
623 616 763 654 quaestio
781 616 811 645 in
829 616 930 654 capite
948 616 1058 654 quinto
1075 616 1234 654 proposita
1251 616 1320 653 fuit,
1339 616 1425 647 6111115
1442 616 1491 646 1116
1508 617 1634 646 (16111011-

230 666 340 696 stratio
360 666 497 696 docetur.
540 666 735 703 Quadratum
756 666 848 703 igitur
868 676 886 694 a
906 666 931 702 b,
953 666 1037 704 quod
1057 666 1153 695 latera
1173 666 1268 695 habet
1288 666 1404 704 ignota,
1425 666 1633 696 substantiam

229 726 321 754 pono,
339 721 434 754 atque
451 716 478 745 ei
494 716 815 754 parallelogrammum
832 715 1055 753 rectangulum,
1074 715 1159 745 cuius
1176 720 1308 754 Vtraque
1325 716 1459 745 latitudo
1476 716 1530 745 vni
1546 716 1634 745 lateri

230 765 376 804 quadrati
393 776 411 795 a
428 766 442 795 b
460 765 596 803 aequalis
614 765 663 802 sit,
681 765 829 803 cuiusque
852 765 1012 803 longitudo
1029 769 1162 803 vtraque
1177 775 1279 794 rerum
1297 774 1349 793 seu
1366 763 1505 793 radicum
1522 763 1634 793 medie-

193 830 220 845 10
231 820 329 845 tatem
350 816 472 851 referat,
494 815 624 853 applico.
676 815 797 844 Deinde
817 825 889 844 vero
910 815 1000 844 huius
1021 815 1191 852 rectanguli
1212 824 1366 844 summam
1389 824 1421 842 21
1444 823 1480 842 ex
1500 813 1634 843 numeris

229 865 395 901 constituo,
407 865 461 903 qui
476 874 621 894 numerus
637 874 707 894 cum
723 864 788 902 ipsa
805 864 980 894 substantia
995 864 1172 902 propositus
1182 869 1237 893 est.
1280 865 1366 893 Haec
1382 868 1487 892 autem
1504 873 1574 892 area
1586 863 1634 892 vel

228 915 442 952 rectangulum
449 915 464 943 b
471 925 487 952 g
494 914 679 949 inscribitur,
688 914 774 943 cuius
781 914 870 943 simul
882 914 1016 943 latitudo
1022 925 1039 952 g
1045 914 1063 942 d
1070 914 1250 950 dinoscitur,
1258 913 1418 951 longitudo
1425 923 1496 951 ergo
1503 913 1634 942 duarum

228 975 369 994 arearum
384 965 517 994 inuicem
531 964 776 1000 coniunctarum‚
792 964 823 992 in
838 964 856 992 Ιι
870 964 889 993 d
904 964 1098 993 terminatur.
1141 964 1183 993 Et
1198 963 1259 992 iam
1274 963 1474 992 manifestum
1489 967 1536 992 est
1551 963 1634 1002 quod

228 1015 304 1044 haec
321 1015 482 1052 longitudo
499 1014 660 1043 denarium
677 1013 798 1043 obtinet
816 1024 988 1049 numerum,
1007 1013 1154 1051 quoniam
1171 1013 1270 1042 omnis
1287 1023 1357 1042 area
1375 1012 1587 1050 quadrilatera
1604 1017 1635 1041 et

192 1079 217 1099 15
229 1069 383 1094 rectorum
408 1064 601 1102 angulorum,
627 1074 663 1093 ex
687 1063 946 1101 multiplicatione
971 1063 1018 1093 sui
1042 1063 1146 1092 lateris
1172 1073 1242 1092 cum
1267 1062 1388 1092 vnitate
1413 1062 1515 1098 semel,
1541 1072 1636 1091 Vnam

228 1114 350 1143 obtinet
362 1114 514 1143 radicem:
537 1118 568 1143 et
581 1113 605 1143 si
617 1123 687 1143 curn
700 1113 819 1142 binario
832 1123 969 1149 numero,
982 1113 1062 1142 duae
1075 1113 1210 1142 eiusdem
1223 1122 1311 1142 areae
1323 1117 1493 1141 nascuntur
1508 1112 1635 1141 radices.

270 1164 424 1201 Quoniam
443 1163 537 1201 igitur
554 1163 654 1201 primo
674 1163 716 1193 sic
735 1163 906 1201 proposuit,
926 1173 987 1192 vna
1008 1162 1183 1192 substantia
1203 1167 1234 1192 et
1254 1172 1286 1191 21
1308 1162 1483 1198 drachmae,
1503 1172 1538 1190 1o
1557 1161 1636 1190 radi-

228 1214 315 1243 cibus
330 1213 583 1251 aequiparantur,
597 1213 797 1242 manifestum
814 1217 870 1248 est,
884 1213 967 1250 quod
984 1212 1144 1250 longitudo
1160 1212 1264 1241 lateris
1280 1212 1298 1241 lt
1313 1212 1332 1241 d
1348 1211 1378 1240 in
1392 1211 1517 1240 denario
1534 1211 1636 1240 termi-

229 1268 319 1292 netur
335 1273 472 1299 numero,
489 1263 562 1301 quia
582 1263 663 1292 latus
682 1263 700 1292 lz
715 1263 730 1291 h
746 1272 840 1292 vnam
860 1262 1053 1291 substantiae
1072 1262 1206 1291 radicem
1225 1261 1355 1298 obtinet,
1377 1261 1458 1290 latus
1477 1261 1569 1299 igitur
1585 1261 1602 1290 lt
1618 1261 1636 1290 d

191 1327 218 1342 20
229 1323 320 1351 super
339 1318 492 1351 punctum
511 1323 524 1341 e
542 1323 596 1351 per
615 1312 751 1342 medium
767 1312 880 1341 diuide.
925 1312 1014 1341 Vnde
1030 1317 1060 1341 et
1079 1312 1158 1341 linea
1177 1322 1191 1341 e
1208 1312 1225 1341 lz
1241 1312 1338 1341 lineae
1356 1322 1370 1340 e
1385 1312 1404 1340 d
1420 1311 1472 1340 fiet
1489 1311 1635 1349 aequalis,

228 1368 324 1400 atque
343 1363 438 1392 ducta
459 1372 494 1391 ex
513 1367 631 1401 puncto
652 1373 665 1391 e
685 1362 764 1391 linea
794 1361 1039 1400 perpendiculari
1059 1372 1073 1391 e
1093 1366 1119 1390 t:
1151 1362 1225 1391 haec
1246 1361 1353 1390 eadem
1375 1360 1636 1399 perpendicularis

228 1413 286 1450 ipsi
305 1413 323 1441 lz
342 1423 360 1441 α
379 1412 476 1441 lineae
495 1412 632 1450 aequalis
652 1412 718 1441 erit.
761 1412 874 1441 Lineae
890 1421 960 1449 ergo
979 1422 993 1440 e
1012 1415 1021 1440 t
1039 1411 1224 1449 portionem,
1241 1421 1320 1449 quae
1341 1411 1469 1449 ipsaque
1487 1411 1506 1439 d
1524 1421 1538 1440 e
1557 1410 1636 1439 linea

228 1462 350 1491 breuior
362 1466 418 1498 est,
430 1462 460 1490 in
473 1466 591 1491 rectum
604 1462 715 1491 adiicio
727 1472 741 1491 e
753 1472 776 1497 c,
791 1466 820 1490 et
834 1461 887 1490 fiet
900 1461 979 1490 linea
992 1464 1001 1490 t
1013 1471 1027 1490 c
1039 1461 1176 1499 aequalis
1188 1465 1197 1490 t
1209 1471 1225 1499 g
1237 1461 1344 1497 lineae,
1355 1461 1438 1490 vnde
1448 1460 1636 1498 quadratum

228 1516 237 1541 t
253 1512 272 1547 l,
286 1512 369 1549 quod
383 1521 418 1540 ex
431 1511 689 1549 multiplicatione
705 1511 881 1540 medietatis
894 1511 1032 1540 radicum
1045 1521 1115 1540 curn
1128 1521 1159 1540 se
1171 1510 1237 1549 ipsa
1250 1510 1485 1549 multiplicatae,
1498 1510 1529 1539 id
1542 1515 1587 1539 est
1601 1520 1636 1539 ex

191 1576 216 1596 25
229 1561 486 1599 multiplicatione
503 1561 635 1599 quinarii
652 1572 721 1590 cum
738 1561 879 1599 quinario
904 1559 947 1596 (in
964 1560 1021 1590 hoc
1038 1559 1123 1596 casu)
1142 1560 1304 1598 colligitur,
1317 1560 1404 1589 nobis
1421 1560 1551 1589 eueniet.
1594 1560 1635 1589 Et

229 1611 289 1640 iarn
304 1611 504 1640 manifestum
518 1611 613 1640 etiam
627 1616 684 1647 est,
697 1611 844 1649 quoniam
859 1620 929 1640 area
944 1610 959 1639 b
972 1621 989 1648 g
1005 1620 1050 1646 21,
1064 1620 1142 1648 quae
1157 1610 1350 1640 substantiae
1362 1609 1548 1645 addidimus,
1562 1609 1592 1638 in
1605 1619 1636 1639 se

227 1660 359 1697 obtinet,
374 1671 409 1690 ex
424 1671 441 1689 a
459 1671 494 1690 ea
508 1660 601 1698 igitur
615 1661 630 1689 b
644 1671 661 1699 g
674 1671 728 1699 per
742 1661 853 1690 lineam
868 1664 877 1689 t
891 1671 914 1696 c,
930 1670 1009 1698 quae
1022 1665 1069 1690 est
1083 1670 1180 1689 vnum
1195 1660 1276 1689 latus
1290 1670 1378 1689 areae
1392 1663 1401 1689 t
1414 1660 1424 1688 l
1437 1659 1636 1689 extrahamus

228 1715 323 1748 atque
339 1720 375 1740 ex
390 1710 499 1740 eadem
515 1720 587 1740 area
603 1711 618 1739 b
634 1721 650 1749 g
666 1720 770 1740 aream
786 1711 801 1739 b
817 1714 826 1739 t
843 1710 1028 1746 minuamus,
1045 1709 1155 1739 deinde
1171 1710 1244 1739 vero
1261 1720 1352 1748 super
1368 1709 1481 1739 lineam
1497 1719 1511 1738 e
1527 1719 1540 1738 c
1556 1718 1635 1746 quae

266 1783 284 1797 1.
302 1775 435 1797 subtrahas,
498 1782 559 1802 quae
571 1776 595 1800 -1-
607 1775 683 1797 simul.
747 1775 786 1802 qui
802 1779 842 1801 pro
854 1774 904 1796 hoc.
997 1781 1031 1801 15.
1049 1774 1188 1801 angulorum
1214 1774 1333 1801 equalium
1360 1778 1399 1800 pru
1426 1778 1542 1796 rectorum
1564 1781 1636 1800 angu-

226 1819 298 1834 vnam
324 1812 425 1834 radicem
441 1820 484 1834 om.
553 1812 687 1834 substantia
713 1812 828 1839 complere
854 1819 905 1838 pro-
957 1811 1039 1833 lorurn.
1103 1819 1156 1833 cum
1177 1819 1219 1833 om.
1242 1812 1273 1833 D.
1335 1819 1409 1833 unum
1434 1815 1474 1838 pro
1494 1811 1586 1833 vnitate
1607 1811 1635 1833 V.

227 1849 304 1871 batur.
323 1849 347 1873 -1-
364 1849 417 1871 Hoc
436 1849 507 1876 igitur
530 1850 593 1876 (ergo
615 1850 648 1875 D)
676 1857 747 1871 unam
774 1849 905 1871 substantie
957 1849 1026 1871 semel
1038 1856 1081 1870 om.
1093 1849 1126 1875 V;
1147 1849 1363 1873 semel-l-deducta
1374 1849 1405 1870 D.

229 1887 396 1913 (substantiam
408 1887 441 1912 D)
454 1887 556 1909 radicem
568 1886 681 1913 adimplet
695 1886 833 1913 (adimplent
844 1886 887 1912 D).
995 1888 1029 1908 16.
1047 1886 1139 1908 binario
1149 1888 1173 1911 ἦ-
1182 1886 1290 1908 ducatur.

264 1931 286 1950 3⁴
304 1928 327 1946 et
339 1932 381 1946 om.
394 1924 421 1946 V.
484 1928 507 1946 et
519 1931 604 1946 nouem
615 1925 646 1947 D.
996 1930 1029 1950 17.
1047 1924 1156 1950 primum.
1217 1923 1343 1945 drachmae
1354 1931 1397 1945 om.

263 1969 283 1988 4.
303 1961 404 1983 Titulum
417 1969 460 1983 om.
473 1961 506 1987 V;
524 1969 549 1983 21
563 1961 726 1988 dragmatibus
737 1969 751 1988 4
762 1968 797 1983 165
808 1961 838 1983 D.
994 1961 1028 1982 18.
1046 1964 1081 1983 est
1096 1969 1138 1982 om.
1154 1961 1184 1982 D.

265 2005 286 2025 5.
304 1998 443 2021 Substantia
455 2000 480 2024 -Ι-
492 2006 554 2021 vero.
996 2005 1030 2024 19.
1048 1998 1160 2025 quoniam
1172 2002 1212 2024 pro
1223 1998 1285 2024 quia.
1349 2005 1362 2019 a
1373 1997 1385 2019 b
1396 1998 1429 2023 V,·
1449 1997 1462 2019 h
1474 1997 1496 2019 D
1509 2001 1548 2024 pro
1560 1997 1573 2019 h
1584 1997 1603 2019 h.

264 2037 286 2058 6.
305 2036 437 2062 Propositio
450 2054 454 2058 .
473 2054 478 2057 .
497 2036 611 2058 ‚docetur
621 2043 664 2058 om.
995 2042 1029 2057 20.
1047 2035 1135 2057 diuido.
1199 2039 1221 2057 et
1237 2035 1296 2057 linee
1311 2043 1322 2057 e
1332 2035 1347 2057 d
1358 2035 1389 2057 D.
1452 2034 1492 2057 fiet
1508 2034 1588 2056 similis
1602 2035 1634 2061 V;

264 2079 284 2099 7.
302 2073 396 2095 habeat.
956 2072 1042 2094 similes
1053 2076 1107 2094 sunt
1120 2073 1150 2094 D.

265 2111 286 2132 8.
304 2111 340 2132 cui
357 2111 390 2136 V;
409 2110 452 2132 tibi
469 2110 506 2137 D;
526 2110 561 2132 cui
579 2110 598 2133 C
615 2111 652 2133 sed
668 2110 711 2133 del.
730 2113 769 2137 pro
787 2113 858 2137 atque
875 2109 902 2131 ei.
995 2116 1075 2136 21—23.
1092 2114 1164 2136 atque
1185 2109 1259 2132 ducta
1280 2117 1307 2131 ex
1324 2113 1412 2136 puncto
1429 2117 1440 2131 e
1456 2109 1516 2131 linea
1539 2127 1542 2131 .
1562 2127 1566 2131 .
1585 2127 1589 2131 .
1611 2109 1634 2131 in

226 2155 305 2170 aream
320 2148 420 2170 laterum
435 2148 555 2175 equalium
568 2148 764 2175 equidistancium
776 2148 808 2174 V;
826 2154 903 2169 aream
956 2151 1045 2169 rectum
1062 2147 1146 2169 adiicio
1164 2155 1174 2169 e
1191 2155 1202 2169 c
1219 2154 1262 2168 om.
1298 2147 1358 2168 Add.
1392 2147 1437 2169 Sed
1454 2150 1477 2168 et
1495 2146 1542 2168 iarn
1560 2146 1634 2168 mani-

227 2185 306 2207 lateris
315 2185 433 2212 equalium
442 2185 464 2206 D
477 2189 517 2211 pro
526 2185 770 2212 parallelogrammum
783 2188 903 2210 rectangu-
956 2184 1042 2206 festum
1053 2188 1087 2206 est
1100 2191 1172 2211 quam
1184 2184 1245 2206 linea
1256 2192 1267 2206 ε
1278 2192 1289 2206 c
1301 2184 1382 2206 similis
1399 2184 1428 2206 sit
1446 2184 1459 2205 h
1477 2184 1495 2205 b.
1529 2184 1557 2205 In
1573 2183 1634 2205 linea

227 2222 282 2244 lum.
345 2226 446 2249 vtraque
459 2230 501 2244 om.
955 2225 1041 2248 ergoet
1051 2221 1124 2243 simile
1136 2221 1220 2243 residui
1233 2221 1266 2243 de
1279 2228 1348 2248 super
1357 2224 1383 2243 et
1396 2221 1495 2243 adiciam
1508 2224 1534 2242 ut
1546 2225 1569 2243 et
1582 2228 1634 2242 aree

265 2268 285 2286 9.
303 2259 395 2285 similis:
414 2259 495 2281 similis
508 2263 548 2286 pro
562 2259 666 2287 aequalis
678 2260 778 2286 saepius.
809 2258 903 2286 eiusque
955 2259 1124 2281 circumduccie
1137 2258 1348 2284 (circumduccione
1359 2258 1392 2284 D)
1406 2258 1570 2285 adimpleatur.

226 2298 253 2320 V.
314 2300 414 2324 vtraque
430 2305 472 2319 om.
533 2297 563 2319 ad
582 2298 634 2323 (om.
648 2297 680 2322 D)
697 2296 827 2324 quamlibet
843 2296 902 2318 hanc
994 2303 1028 2322 24.
1045 2296 1085 2323 qui
1097 2296 1130 2322 V;
1148 2299 1182 2318 est
1198 2296 1221 2318 D
1238 2300 1278 2322 pro
1294 2295 1365 2322 quod*
1443 2295 1466 2317 in
1483 2295 1582 2322 seipsam
1598 2295 1632 2321 V;

229 2336 280 2362 (om,
295 2335 327 2360 D)
341 2334 500 2361 quantitatem
511 2338 551 2361 pro
563 2341 639 2357 rerum
658 2353 662 2357 .
681 2354 685 2357 .
703 2353 708 2357 .
724 2334 817 2356 referat.
953 2341 996 2356 om.
1008 2333 1039 2356 D.

266 2379 301 2394 10.
319 2372 415 2393 Summa
426 2371 497 2397 igitur
508 2371 577 2393 huius
587 2379 639 2394 aree
652 2379 676 2393 21
690 2379 717 2393 611
728 2378 832 2393 1111111610.
994 2377 1029 2397 ²5-
1047 2370 1070 2392 in
1087 2370 1130 2392 hoc
1147 2377 1202 2392 casu
1218 2378 1261 2392 om.
1324 2369 1440 2397 colligitur
1458 2369 1542 2397 (colligi
1558 2370 1591 2396 D)
1607 2371 1631 2394 -l-

266 2417 301 2431 11.
318 2409 358 2435 qui
370 2410 394 2433 -l—
405 2408 473 2430 simul
484 2413 527 2431 est.
584 2409 657 2431 eciam
668 2413 708 2436 pro
720 2412 807 2432 autem.
866 2407 903 2430 vel
955 2412 977 2430 et
990 2407 1049 2430 fiunt
1067 2415 1101 2434 25.
1165 2407 1233 2429 nobis
1244 2407 1336 2429 eueniet
1348 2415 1390 2429 om.
1404 2407 1434 2429 D.

226 2445 387 2473 rectangulum
397 2453 440 2469 om.
994 2446 1029 2467 26.
1046 2453 1059 2467 α
1071 2453 1091 2471 g.
1154 2452 1215 2472 quae
1227 2446 1252 2470 -Ι-
1263 2445 1287 2466 in
1299 2444 1375 2467 simul.

265 2490 299 2505 12.
317 2491 331 2505 α
353 2491 372 2510 g.
437 2483 531 2506 inscribi
557 2484 588 2505 D.
654 2483 669 2506 d
692 2484 716 2506 in
739 2491 752 2510 g
774 2483 788 2505 d
810 2490 853 2505 om.
876 2482 903 2505 C.
992 2489 1027 2509 ²7-
1045 2482 1159 2504 obtineat.
1223 2482 1294 2509 igitur
1309 2489 1352 2504 om.
1369 2482 1400 2504 D.
1465 2489 1478 2504 α
1497 2489 1510 2509 g
1525 2485 1565 2508 pro
1581 2481 1593 2503 b
1611 2489 1632 2508 g.

227 2521 375 2548 cognoscitur
390 2521 418 2543 V.
955 2519 1016 2542 linea
1032 2523 1072 2546 pro
1085 2527 1125 2546 per
1136 2519 1230 2542 lineam.

265 2566 300 2585 13.
318 2559 365 2580 iam
379 2566 421 2580 am.
437 2558 468 2580 D.
530 2565 602 2586 quam
613 2565 655 2580 sua
666 2562 706 2585 pro
717 2558 780 2585 quod
792 2558 856 2581 haec.
992 2557 1026 2579 28.
1045 2560 1070 2579 at
1081 2557 1109 2583 V,
1122 2564 1149 2579 ac
1160 2557 1182 2579 D
1195 2561 1235 2584 pro
1247 2560 1326 2584 atque.
1398 2556 1479 2579 eadem
1494 2564 1537 2578 om.
1607 2559 1631 2578 at

266 2603 300 2622 14.
318 2595 433 2618 obtineat.
466 2595 503 2622 42⁸
514 2596 548 2621 V;
568 2595 685 2623 quadrata
697 2596 727 2617 D.
956 2595 982 2621 V,
994 2602 1021 2616 ac
1032 2595 1054 2616 D
1067 2598 1107 2621 pro
1118 2594 1203 2616 deinde
1213 2593 1277 2616 verb.
