1780 2995
214 281 272 309 144
381 272 534 299 ADDITA
561 272 759 307 QUAEDAM
786 272 863 299 PRO
890 272 1202 300 DECLARATIONE
1229 273 1440 300 ALGEBRAE

189 401 197 415 1
762 380 932 410 Secundum
947 381 1084 419 aenigma

250 455 351 485 Radix
369 465 405 485 ex
425 465 491 492 200,
510 455 677 485 subtractis
699 465 743 492 10,
763 455 918 485 diminuta
936 466 954 485 a
973 454 1068 493 duplo
1085 456 1247 492 subtracti,
1267 456 1381 485 scilicet
1399 466 1417 485 a
1437 466 1473 485 20
1491 461 1618 494 excepta

210 506 312 536 radice
327 516 363 535 ex
379 515 435 534 200
449 509 495 534 est
511 505 638 543 triplum
653 505 815 542 subtracti,
832 505 947 535 scilicet
961 516 1008 543 30,
1023 510 1146 543 praeter
1160 506 1237 535 duas
1251 506 1368 535 radices
1383 506 1595 536 ducentorum.

250 556 335 585 Dicit
347 555 498 593 aenigma,
507 555 531 584 si
542 566 560 585 a
572 555 673 585 radice
684 556 803 585 numeri
817 565 872 584 200
883 555 1108 585 subtrahantur
1122 566 1166 593 10,
1178 556 1209 585 id
1220 556 1330 585 deinde
1341 556 1425 594 quod
1436 556 1619 594 relinquitur

184 621 196 642 5
210 616 227 635 a
247 616 283 635 20
301 606 513 642 subtrahatur,
532 610 627 644 atque
644 616 680 635 ex
697 605 755 635 hoc
772 606 893 635 residuo
911 611 1019 644 postea
1036 606 1122 635 radix
1140 606 1258 635 numeri
1278 616 1333 635 200
1350 607 1518 644 auferatur,
1535 607 1618 645 quod

210 656 337 686 tandem
353 656 480 694 triplum
495 655 657 692 subtracti,
673 655 731 685 hoc
746 660 792 685 est
808 666 855 693 30,
872 660 903 685 et
918 656 997 685 duae
1012 656 1129 685 radices
1144 656 1263 686 numeri
1281 666 1336 685 200
1351 661 1507 685 maneant.
1550 657 1619 685 Hoc

209 711 315 736 autem
332 706 374 735 sic
388 705 581 744 probabitur.
624 705 669 735 Sit
685 705 764 735 linea
780 716 796 734 a
813 706 828 734 b
843 705 930 735 radix
945 706 1158 742 ducentorum,
1176 711 1206 735 et
1221 706 1261 735 sit
1276 706 1291 735 b
1307 716 1320 735 c
1335 706 1392 735 sibi
1407 706 1552 744 aequalis,
1569 707 1584 735 b
1599 706 1619 735 d

210 756 282 786 vero
303 766 348 793 20,
368 761 462 794 atque
479 760 588 794 postea
601 766 618 784 α
635 766 649 784 e
664 766 707 784 10.
751 756 866 785 Secabo
878 760 984 785 autem
996 756 1034 785 de
1051 755 1130 785 linea
1147 756 1162 785 b
1175 766 1193 785 α
1205 756 1316 785 lineam
1335 756 1381 794 bf
1392 756 1551 794 aequalem
1564 766 1582 785 a
1593 766 1617 785 e.

210 806 278 836 Erit
291 806 384 844 igitur
396 810 464 835 tota
474 805 554 834 linea
569 806 588 834 d
595 805 617 843 s
629 815 675 843 30.
719 805 813 834 Porro
828 816 863 834 ex
879 805 958 835 linea
973 816 988 834 c
1001 805 1020 834 d
1035 806 1144 835 secabo
1160 806 1271 835 lineam
1286 817 1300 835 c
1315 806 1332 834 lz
1347 806 1506 844 aequalem
1522 806 1619 835 lineae

173 867 224 886 10e
239 857 264 886 b.
309 857 350 885 Et
366 856 513 894 quoniam
529 855 608 884 linea
624 865 638 884 e
654 855 669 884 b
685 860 731 884 est
747 855 833 884 radix
849 855 1053 885 ducentorum
1070 856 1203 893 exceptis
1222 866 1266 892 10,
1283 865 1353 885 cum
1369 856 1447 885 linea
1463 866 1476 885 c
1491 856 1510 885 d
1525 856 1565 885 sit
1583 866 1618 884 20

210 911 337 944 excepta
355 906 456 936 radice
473 906 687 941 ducentorum,
706 905 789 934 facta
806 905 1019 934 subtractione
1035 915 1049 934 e
1066 905 1081 934 b
1099 905 1195 935 lineae
1211 916 1230 935 a
1246 905 1325 935 linea
1342 916 1356 935 c
1371 906 1399 943 d,
1417 911 1522 935 manet
1539 905 1618 935 linea

210 957 228 986 lt
241 957 260 986 d
274 967 353 995 quae
368 957 425 986 erit
439 966 476 994 30
491 955 624 993 exceptis
638 955 759 984 duabus
773 955 927 984 radicibus
942 955 1156 984 ducentorum.
1200 955 1290 992 Quod
1303 960 1409 985 autem
1422 956 1497 985 haec
1511 955 1617 985 eadem

210 1007 290 1036 linea
305 1007 322 1036 Ιι
337 1007 356 1035 d
370 1006 505 1045 praecise
521 1010 645 1035 tantum
660 1005 709 1041 sit,
724 1005 872 1043 probabo.
916 1005 1010 1034 Linea
1018 1006 1040 1043 s
1050 1005 1070 1034 d
1084 1010 1129 1034 est
1144 1016 1182 1043 30
1197 1010 1227 1034 et
1243 1015 1313 1035 cum
1327 1005 1406 1035 linea
1421 1006 1436 1034 h
1450 1016 1464 1035 c
1478 1006 1564 1035 radix
1578 1005 1617 1035 sit

211 1058 426 1094 ducentorum,
447 1056 527 1085 linea
546 1055 656 1085 deinde
676 1065 693 1084 a
712 1065 726 1084 e
746 1055 842 1084 lineae
855 1055 876 1093 j
893 1055 918 1092 b,
938 1055 1018 1084 linea
1038 1055 1132 1084 etiam
1151 1066 1165 1084 e
1184 1055 1199 1084 b
1219 1055 1315 1085 lineae
1334 1065 1348 1084 c
1367 1056 1385 1084 Ιι
1404 1056 1539 1094 aequalis
1550 1066 1556 1092 ;
1587 1060 1618 1085 et

173 1121 197 1142 15
210 1113 411 1146 aggregatum
429 1116 500 1144 ergo
519 1116 554 1135 ex
572 1105 658 1135 lineis
670 1106 692 1143 s
707 1105 722 1134 b
741 1110 771 1134 et
790 1115 804 1134 c
822 1105 839 1134 lz
857 1105 945 1134 radix
963 1105 1167 1135 ducentorum
1186 1105 1252 1135 erit.
1295 1105 1407 1135 Manet
1421 1110 1527 1135 autem
1548 1106 1618 1135 sub-

212 1159 364 1188 tractione
379 1158 462 1187 facta
477 1156 557 1185 linea
572 1155 590 1184 lz
604 1155 631 1185 d.
675 1155 846 1184 Probatum
861 1155 931 1193 ergo
946 1155 1029 1193 quod
1044 1155 1239 1193 probandum
1254 1160 1329 1185 erat.

783 1246 927 1285 Sequitur
949 1247 1055 1285 figura.

479 1326 750 1361 r--m-fflu
773 1319 1049 1358 serm-nm
1044 1342 1172 1346 -------
1179 1339 1194 1354 Ἴ
1218 1313 1288 1389 ξε

480 1441 621 1483 2---ss10
623 1450 742 1455 ------
838 1437 841 1485 ε
1353 1444 1357 1484 ε

579 1494 603 1510 ι-
610 1503 706 1506 -----
709 1498 733 1516 10
736 1503 832 1506 -----
838 1492 854 1506 ¹—
862 1498 1098 1509 -----------
1099 1499 1112 1517 0
1115 1504 1352 1507 -----------
1353 1492 1357 1506 ·

774 1645 904 1674 Tertium
927 1645 1062 1682 aenigma

252 1728 343 1758 Duae
357 1728 473 1758 radices
488 1728 616 1758 alicuius
630 1728 749 1758 numeri
764 1733 836 1757 sunt
851 1738 913 1757 vna
927 1727 973 1757 sui
988 1727 1161 1765 quadrupli.

174 1793 201 1808 20
252 1779 321 1808 Hoc
340 1779 414 1808 satis
434 1783 522 1816 patet
542 1789 577 1807 ex
597 1788 631 1807 eo
652 1778 735 1816 quod
755 1778 943 1816 quadratum
963 1782 1009 1806 est
1029 1777 1237 1815 quadruplum
1256 1777 1297 1806 ad
1315 1775 1399 1806 aliud
1419 1775 1616 1814 quadratum,

213 1828 299 1858 cuius
312 1833 398 1858 costa
412 1833 458 1858 est
471 1828 567 1866 dupla
580 1828 620 1857 ad
634 1833 752 1857 costam
765 1828 900 1857 alterius.

767 1919 913 1957 Quartum
928 1919 1065 1957 aenigma

253 2003 388 2033 Centum
403 2007 434 2032 et
449 2013 556 2032 census
571 2003 705 2041 exceptis
722 2013 757 2031 20
772 2002 926 2032 radicibus
940 2001 1079 2031 adiuncti
1094 2001 1134 2031 ad
1150 2010 1186 2039 50
1201 2006 1231 2030 et
1246 2001 1286 2031 ad
1303 2011 1338 2030 10
1353 2000 1469 2030 radices
1484 2000 1618 2038 exceptis

213 2053 334 2082 duobus
349 2053 499 2089 censibus,
515 2057 588 2082 sunt
605 2061 659 2090 150
674 2052 807 2090 exceptis
823 2062 915 2081 censu
930 2056 961 2081 et
979 2062 1013 2080 10
1028 2051 1190 2080 radicibus.

175 2118 200 2138 25
253 2103 408 2132 Probatio.
451 2103 510 2132 Vbi
526 2102 607 2131 enim
623 2102 848 2132 subtrahuntur
866 2112 902 2131 20
917 2101 1043 2137 radices,
1060 2106 1090 2130 et
1106 2101 1264 2130 adduntur
1283 2111 1317 2129 10
1333 2100 1458 2136 radices,
1472 2099 1552 2129 idem
1571 2104 1617 2129 est

213 2163 248 2182 ac
267 2153 291 2182 si
310 2153 408 2182 solum
427 2163 462 2181 10
478 2153 594 2182 radices
610 2152 873 2188 subtraherentur,
887 2156 917 2181 et
933 2152 986 2180 vbi
1002 2151 1127 2180 additur
1143 2161 1250 2180 census
1267 2155 1298 2180 et
1314 2150 1540 2180 subtrahuntur
1555 2150 1617 2179 duo

213 2213 331 2239 census,
349 2203 431 2232 idem
448 2207 494 2232 est
512 2213 547 2232 ac
564 2202 588 2231 si
606 2202 704 2232 solum
721 2202 813 2231 modo
831 2212 909 2231 vnus
927 2211 1035 2231 census
1052 2201 1294 2237 subtraheretur,
1313 2210 1348 2229 ex
1366 2210 1427 2238 quo
1443 2204 1532 2238 patet
1548 2209 1617 2237 pro-

213 2253 359 2290 positum.

213 2344 384 2381 Sequuntur
401 2353 480 2372 nunc
498 2343 603 2372 harum
622 2343 788 2381 regularum
806 2343 936 2372 exercitii
954 2342 1077 2371 maioris
1094 2352 1185 2371 causa
1202 2342 1385 2380 quaestiones
1403 2341 1497 2370 decem
1515 2344 1540 2370 et
1558 2344 1617 2369 octo

174 2442 203 2462 30
863 2426 969 2454 Prima

255 2509 354 2539 Diuisi
379 2520 413 2538 10
434 2509 464 2539 in
485 2509 562 2539 duas
582 2514 686 2547 partes
707 2513 737 2538 et
757 2509 962 2547 multiplicaui
982 2519 1077 2538 Vnam
1097 2513 1219 2546 partem
1239 2517 1309 2537 cum
1330 2507 1436 2543 altera,
1458 2511 1488 2535 et
1509 2510 1617 2544 postea

216 2570 310 2590 Vnam
327 2570 396 2590 cum
413 2560 521 2598 seipsa,
538 2564 569 2589 et
584 2559 729 2598 produxit
745 2559 820 2589 haec
835 2559 1052 2597 multiplicatio
1066 2558 1164 2596 partis
1180 2568 1250 2588 cum
1265 2557 1364 2596 seipsa
1381 2562 1505 2587 tantum
1521 2567 1617 2595 quan-

215 2614 282 2640 tum
297 2610 513 2648 multiplicatio
527 2610 617 2639 vnius
631 2609 728 2648 partis
742 2619 812 2639 cum
826 2609 922 2638 altera
937 2613 1064 2646 quater:
1089 2618 1168 2646 quae
1182 2608 1274 2646 igitur
1288 2608 1413 2637 fuerunt
1426 2607 1553 2645 partes?
