1780 2995
269 267 308 297 92
607 259 727 286 LIBER
754 258 966 286 ALGEBRAE
993 259 1044 286 ET
1071 259 1341 287 ALMUCABOLA

246 362 256 377 1
267 355 299 380 et
312 361 326 379 2
339 350 461 380 adiecta
472 360 543 380 cum
557 361 592 380 10
603 350 810 389 multiplicata
824 360 859 379 20
870 355 1018 388 generant
1029 351 1182 380 addenda.
1225 351 1306 380 Item
1321 361 1355 380 10
1367 361 1437 381 cum
1448 362 1510 381 vno
1521 352 1676 382 diminuto

268 400 486 438 multiplicata,
503 411 537 429 10
552 405 716 438 procreant
733 400 943 429 diminuenda.
986 401 1071 429 Haec
1088 405 1193 430 autem
1210 410 1331 430 summa
1347 411 1445 439 vsque
1460 401 1501 431 ad
1520 412 1574 431 100
1591 406 1622 431 et
1641 413 1676 431 10

267 450 474 488 protenditur.
518 450 577 480 Sed
602 460 615 479 2
647 450 769 480 adiecta
791 460 862 479 cum
884 460 946 479 vno
969 450 1123 479 diminuto
1154 450 1371 488 multiplicata,
1397 461 1410 479 2
1441 457 1605 489 procreant
1631 452 1676 482 di-

268 500 445 530 minuenda.
488 500 577 529 Vnde
592 505 659 529 tota
683 500 952 538 multiplicationis
975 510 1096 529 summa
1121 500 1161 529 ad
1188 502 1241 530 108
1264 501 1450 530 extenditur.
1494 502 1534 531 Et
1553 502 1610 531 hoc
1629 507 1675 532 est

245 550 351 588 squod
378 550 472 579 etiam
488 550 630 585 diximus,
656 550 782 588 quando
808 550 962 588 quaedam
988 560 1093 579 earum
1118 550 1233 579 suerint
1259 551 1398 580 adiectae
1423 552 1577 589 quaedam
1602 562 1675 581 vero

267 600 449 629 diminutae.

307 650 452 679 Similiter
471 650 501 679 in
522 650 734 687 fractionibus,
751 650 775 679 si
791 650 892 679 dicas:
923 649 1070 679 drachma
1086 654 1117 679 et
1133 650 1197 679 eius
1212 655 1299 680 sexta
1315 660 1385 680 cum
1401 651 1549 680 drachma
1564 656 1596 681 et
1611 651 1675 681 eius

266 704 362 729 sexta.
414 700 518 736 Dicas,
546 700 693 729 drachma
727 710 798 729 cum
824 699 971 729 drachma
998 698 1210 736 drachma[m]‚
1237 705 1268 729 et
1294 700 1459 730 drachmae
1493 705 1579 730 sexta
1605 711 1675 731 cum

266 749 414 779 drachma
430 750 596 779 drachmae
611 754 730 779 sextam
745 754 896 787 procreat.
940 750 1021 778 Item
1037 754 1123 778 sexta
1139 760 1209 779 cum
1226 750 1372 779 drachma
1388 755 1507 780 sextam
1522 756 1675 789 procreat,

229 811 256 826 10
266 804 297 828 et
315 804 401 829 sexta
420 809 490 829 cum
509 804 595 829 sexta
613 804 732 828 sextam
750 804 863 836 sextae,
883 799 914 828 id
933 804 979 828 est
998 799 1184 828 tricesimam
1203 804 1322 829 sextam
1340 800 1505 830 drachmae
1522 805 1674 839 procreat.

266 849 334 878 Erit
348 854 454 878 autem
468 849 526 878 hoc
542 854 654 885 totum,
669 849 817 878 drachma
831 848 849 885 ὲ
864 854 894 878 et
909 848 948 886 ἐς
962 849 1136 878 drachmae.

305 899 336 928 Si
355 899 463 928 eodem
484 899 577 928 modo
596 897 797 935 drachma[m]
817 899 882 928 sine
901 903 987 928 sexta
1006 909 1076 928 cum
1095 899 1243 928 drachma
1259 899 1323 929 sine
1339 904 1425 929 sexta
1441 900 1674 938 multiplicares,

266 953 391 978 tantum
410 949 464 978 fiet
484 953 638 987 quantum
657 949 682 978 si
702 947 718 985 ἓ
739 959 809 978 cum
829 959 884 978 suo
904 949 1025 986 aequali
1045 949 1274 987 multiplicares.
1318 950 1406 979 Vnde
1425 954 1456 979 et
1476 950 1551 979 haec
1571 950 1675 980 multi-

264 999 390 1036 plicatio
408 999 448 1028 ad
468 1008 501 1037 25
520 1004 624 1037 partes
641 1009 677 1028 ex
694 999 854 1028 tricesimis
871 999 963 1028 sextis
985 999 1126 1036 partibus
1144 999 1234 1028 Vnius
1251 999 1417 1029 drachmae
1434 1000 1626 1037 extendetur,
1644 1000 1675 1030 id

228 1059 253 1080 15
265 1049 305 1078 ad
320 1047 337 1085 ἓ
353 1053 384 1078 et
399 1047 415 1086 ὲ
432 1053 546 1078 sextae.

304 1099 421 1128 Modus
445 1103 551 1128 autem
575 1098 841 1137 multiplicationis
866 1103 922 1135 est,
947 1103 982 1127 vt
1007 1098 1187 1128 drachmam
1211 1109 1282 1128 cum
1306 1099 1453 1129 drachma
1477 1099 1675 1138 multiplices,

264 1153 295 1178 et
313 1149 501 1186 producetur
519 1149 683 1185 drachma;
713 1148 823 1178 deinde
840 1148 905 1177 sine
922 1152 1008 1177 sexta
1026 1158 1096 1177 cum
1114 1148 1272 1185 drachma,
1291 1153 1410 1178 sextam
1427 1154 1569 1187 procreat
1587 1150 1676 1179 dimi-

264 1199 438 1235 nuendam;
460 1200 536 1228 item
552 1199 732 1228 drachmam
748 1209 818 1228 cum
834 1198 899 1227 sine
914 1203 1010 1234 sexta,
1027 1202 1058 1227 et
1074 1198 1262 1236 producetur
1278 1209 1340 1228 vna
1359 1204 1445 1228 sexta
1464 1199 1674 1229 diminuenda.

264 1249 354 1278 Duae
376 1249 470 1286 igitur
493 1249 602 1278 tertiae
624 1249 714 1278 vnius
737 1248 901 1277 drachmae
923 1252 1097 1285 supersunt.
1142 1249 1182 1277 Et
1205 1248 1269 1278 sine
1291 1253 1377 1278 sexta
1399 1259 1469 1278 cum
1492 1249 1556 1278 sine
1578 1254 1675 1286 sexta,

227 1309 253 1324 20
264 1303 383 1328 sextam
409 1303 513 1328 sextae
538 1303 664 1336 generat
690 1298 875 1328 addendam.
917 1298 1000 1326 Tota
1025 1297 1118 1335 igitur
1143 1298 1218 1328 haec
1244 1308 1365 1328 summa
1390 1299 1431 1328 ad
1456 1296 1473 1335 ξ
1500 1303 1531 1328 et
1556 1304 1675 1328 sextam

264 1353 368 1378 sextae
388 1349 574 1378 extenditur.

296 1453 315 1467 1.
333 1449 355 1467 et
370 1445 422 1471 (om.
435 1445 465 1470 V)
480 1453 553 1467 unum
568 1445 714 1467 diminutum
729 1445 752 1467 in
767 1452 793 1466 10
804 1443 946 1470 multiplica-

264 1486 323 1508 tum,
346 1490 373 1504 10
394 1486 488 1509 generat
506 1482 656 1507 diminutiua.
681 1490 691 1503 2
713 1489 807 1509 quoque
828 1481 891 1508 (ergo
911 1480 944 1506 D)

264 1520 382 1542 adiectiua
399 1520 422 1541 in
445 1527 471 1541 10
491 1520 599 1545 deducta,
623 1527 650 1541 20
670 1523 794 1546 procreant
815 1519 945 1545 adiectiua;

264 1557 311 1579 duo
333 1576 336 1579 .
356 1576 360 1579 .
380 1576 384 1579 .
405 1557 541 1579 adiectiua²
554 1558 578 1579 ιἰι
590 1565 660 1584 marg.
673 1557 695 1579 D
709 1564 770 1579 man⁴
785 1564 804 1578 2.

303 1602 324 1621 3.
345 1602 371 1616 10
384 1598 424 1621 pro
439 1596 459 1616 22'
472 1595 498 1617 C.
563 1595 613 1617 Hec
625 1595 703 1621 igitur.

303 1640 322 1659 4.
341 1632 408 1654 Vnde
421 1633 444 1657 -1-
456 1636 487 1654 et.
522 1633 571 1654 180.
636 1632 655 1654 C
664 1632 715 1654 add.
743 1633 809 1654 Haec
818 1635 899 1654 autem
911 1638 945 1653 se-

263 1669 346 1696 quenti
361 1669 450 1692 calculo
462 1673 559 1696 patent:
584 1677 611 1691 10
657 1674 680 1692 et
757 1677 768 1692 2

582 1714 608 1728 10
641 1707 691 1729 sine
756 1715 766 1728 1

567 1752 609 1766 100
642 1744 696 1771 plus
744 1751 772 1766 20

651 1782 691 1803 mi.
742 1789 769 1803 10

532 1818 629 1841 Summa
642 1826 691 1845 pro.
727 1826 768 1840 110

610 1856 693 1878 Minus
726 1864 768 1886 —2

264 1895 295 1917 Et
307 1902 361 1921 om.,·
378 1895 421 1916 Est
434 1894 461 1916 C.
725 1895 767 1915 108

302 1934 323 1954 6.
341 1931 482 1954 diminutiue
508 1935 527 1953 ει
551 1931 602 1953 add.
638 1931 690 1953 Hoc
714 1931 785 1957 igitur
810 1930 881 1953 modo
907 1938 943 1952 res

262 1970 365 1992 inuicem
406 1968 602 1995 multiplicantur.
650 1968 751 1995 Quando
792 1975 845 1990 cum
887 1968 943 1994 ipsis

261 2007 355 2029 numeri
377 2007 464 2028 fuerint
489 2006 525 2032 (4-
537 2010 559 2028 et
582 2006 678 2032 quando
700 2006 748 2032 ipse
770 2006 819 2027 sine
840 2006 942 2027 numeris

260 2045 359 2067 fuerint.
393 2044 423 2066 Et
447 2043 543 2070 quando
566 2043 656 2065 numeri
679 2043 728 2065 sine
750 2043 806 2069 ipsis
828 2042 941 2069 propositi

263 2082 351 2104 fuerint
365 2082 404 2107 V).
438 2081 469 2103 Et
483 2081 501 2102 si
515 2081 558 2103 tibi
572 2080 720 2107 propositum
733 2080 803 2102 fuerit
819 2088 845 2102 10
858 2080 906 2102 sine
919 2088 942 2102 re

262 2120 337 2146 (÷in
365 2127 391 2140 10
412 2119 515 2140 deducta
536 2122 653 2145 quantum
675 2118 832 2140 constituunt.
870 2117 942 2139 Dicas

267 2164 294 2178 10
308 2157 332 2178 in
350 2164 382 2181 10.
402 2164 443 2178 100
458 2160 480 2177 et
496 2156 545 2177 sine
559 2163 583 2177 re
597 2156 629 2181 V;
656 2157 680 2180 -4-
696 2159 719 2177 et
734 2155 847 2181 expositio
861 2155 892 2176 rei
907 2159 941 2177 est

262 2202 288 2216 re
305 2194 329 2216 in
350 2201 376 2215 ιο
393 2193 502 2215 deducta.
536 2193 608 2215 Dicas
627 2200 653 2214 10
669 2193 692 2214 in
712 2200 745 2217 10,
762 2200 803 2214 100
815 2196 837 2214 et
854 2192 902 2214 sine
919 2200 942 2214 re

262 2232 288 2253 in
301 2239 370 2257 marg.
386 2231 408 2252 D
424 2238 484 2253 man.
500 2230 521 2255 2)
537 2230 560 2252 in
576 2237 609 2255 10,
623 2237 649 2251 10
661 2233 755 2256 generat
772 2229 893 2256 (generant
907 2230 939 2255 D)

263 2268 355 2290 radices
377 2268 539 2289 diminutiuas.
572 2267 645 2289 Dicas
666 2275 719 2293 ergo
742 2267 805 2294 quod
827 2270 878 2288 tota
900 2267 942 2289 hec

263 2313 356 2327 summa
370 2312 444 2331 usque
458 2305 488 2326 ad
505 2312 546 2326 100
560 2304 695 2326 extenditur
712 2312 738 2326 10
752 2304 821 2326 rebus
835 2304 940 2326 abiectis.

264 2343 295 2364 Et
308 2343 326 2364 si
340 2342 422 2364 dixerit
439 2349 465 2364 10
478 2346 500 2363 et
515 2349 551 2363 res
564 2342 588 2363 in
603 2349 629 2363 10
642 2341 744 2364 deducta
757 2345 875 2368 quantum
889 2349 941 2368 pro-

263 2383 351 2402 creant.
384 2379 457 2401 Dicas
476 2386 502 2400 10
518 2379 541 2401 in
560 2386 586 2400 10
606 2383 707 2404 centurn,
728 2382 751 2401 et
771 2386 806 2400 res
824 2378 941 2400 adiectiua

264 2417 340 2439 decies
361 2417 464 2439 deducta
488 2424 514 2438 10
535 2424 571 2438 res
591 2420 687 2443 generat
709 2416 846 2438 adiectiuaS.
879 2416 941 2438 Tota

264 2455 334 2481 igitur
348 2454 411 2480 (ergo
424 2454 456 2479 D)
469 2454 511 2475 hec
523 2461 614 2476 summa
626 2454 655 2475 ad
669 2461 710 2475 100
725 2457 748 2475 et
767 2461 794 2475 10
811 2461 846 2475 res
862 2457 940 2475 exten-

263 2492 335 2514 ditur.
370 2492 393 2514 Si
407 2495 487 2513 autem
500 2491 583 2513 dixerit
599 2498 625 2512 10
637 2494 659 2513 et
674 2498 710 2512 res
722 2491 745 2512 in
765 2498 807 2512 suo
826 2490 940 2512 consimili

263 2532 381 2555 quantum
405 2528 562 2554 multiplicata
584 2528 682 2550 faciunt.
715 2528 787 2550 Dicas
811 2535 837 2549 10
858 2528 882 2550 in
906 2536 938 2553 10,

267 2574 308 2588 100
325 2569 448 2592 procreant
466 2565 502 2591 Η-
514 2569 537 2587 et
556 2573 582 2586 10
597 2565 620 2587 in
635 2573 659 2587 re
677 2573 703 2587 10
717 2573 753 2587 res
768 2569 890 2592 procreant
906 2566 939 2591 V:

266 2605 291 2628 -Ι-
304 2611 339 2625 res
354 2603 396 2628 D).
430 2603 490 2624 Item
508 2610 535 2624 10
550 2603 572 2624 in
588 2610 618 2628 re,
637 2610 663 2624 10
678 2610 713 2624 res
728 2607 851 2629 procreant
866 2607 889 2625 et
905 2610 940 2625 res

998 1443 1022 1465 in
1053 1451 1077 1465 re
1108 1443 1266 1466 substantiam
1296 1448 1392 1471 generat
1423 1444 1572 1467 adiectiuam.
1610 1446 1674 1472 Ergo

999 1484 1050 1503 tota
1068 1481 1110 1503 hec
1127 1488 1220 1504 summa
1237 1481 1267 1503 ad
1288 1489 1330 1503 100
1347 1490 1374 1504 ex
1393 1489 1490 1504 numero
1508 1486 1531 1504 et
1552 1490 1579 1504 20
1597 1490 1633 1505 res
1650 1487 1674 1505 et

998 1518 1157 1540 substantiam
1186 1519 1321 1541 extenditur
1349 1519 1500 1541 adiectiuam.
1544 1519 1566 1542 Si
1594 1523 1675 1542 autem

998 1555 1030 1577 sic
1042 1555 1069 1581 (si
1080 1556 1113 1581 D)
1126 1560 1250 1582 proponat,
1264 1564 1290 1578 10
1300 1556 1348 1578 sine
1359 1564 1382 1578 re
1392 1557 1415 1578 in
1428 1564 1454 1578 10
1465 1557 1513 1578 sine
1524 1564 1547 1579 re
1557 1561 1674 1584 quantum

998 1593 1095 1615 faciunt.
1128 1593 1200 1615 Dicas
1219 1601 1246 1615 10
1263 1593 1286 1615 in
1308 1601 1340 1619 ιο,
1362 1601 1403 1615 100
1428 1597 1451 1616 et
1474 1594 1523 1616 sine
1545 1601 1569 1616 re
1591 1594 1614 1616 in
1639 1602 1673 1621 10,

997 1638 1033 1652 res
1048 1634 1172 1657 procreant
1191 1638 1217 1652 10
1235 1631 1270 1657 Η-
1283 1631 1438 1653 diminutiuas
1454 1635 1477 1653 et
1493 1631 1542 1653 sine
1558 1639 1581 1653 re
1597 1631 1620 1653 in
1638 1639 1672 1658 10,

999 1675 1026 1689 10
1043 1668 1149 1690 similiter
1167 1668 1322 1690 diminutiuas
1339 1676 1374 1690 res
1392 1673 1515 1695 procreant
1534 1669 1564 1694 V)
1583 1672 1606 1691 et
1624 1669 1674 1691 sine

996 1713 1020 1727 re
1029 1705 1052 1727 in
1064 1705 1100 1731 (4-
1112 1713 1125 1727 x
1136 1706 1168 1731 D)
1180 1706 1229 1728 sine
1238 1713 1262 1728 re
1271 1706 1431 1728 substantiam
1441 1710 1537 1732 generat
1549 1706 1673 1733 (generant

996 1743 1029 1769 D)
1053 1743 1202 1765 adiectiuam.
1245 1743 1295 1765 Erit
1324 1751 1377 1770 ergo
1400 1743 1443 1765 hoc
1472 1747 1550 1765 totum
1581 1751 1623 1765 100
1650 1747 1673 1766 et

995 1780 1129 1803 substantia
1147 1788 1175 1802 20
1191 1780 1260 1802 rebus
1276 1780 1386 1806 abiectis;
1416 1781 1471 1803 Vide
1489 1781 1550 1807 infra
1567 1785 1618 1807 pag.
1635 1788 1673 1808 94.

1034 1824 1053 1844 7.
1072 1818 1161 1840 Eodem
1182 1818 1252 1840 modo
1273 1818 1291 1840 si
1313 1817 1410 1844 dragma
1433 1817 1565 1845 (dragmam
1586 1818 1619 1844 D)
1648 1822 1673 1841 et

994 1855 1043 1877 eius
1055 1859 1146 1877 sextam
1165 1855 1201 1881 Η-
1213 1855 1235 1877 in
1248 1855 1345 1881 dragma
1356 1859 1379 1877 et
1391 1855 1441 1877 eius
1453 1856 1513 1877 6mm
1525 1854 1554 1881 V)
1572 1855 1671 1881 duxeris,

994 1896 1111 1919 quantum
1123 1893 1169 1914 fiet.

1033 1931 1053 1952 8.
1071 1934 1093 1952 et
1104 1938 1146 1952 om.
1209 1930 1306 1956 dragma
1317 1930 1340 1952 in
1351 1930 1419 1955 628111,
1432 1933 1522 1952 sextam
1533 1930 1670 1957 dragmatis.

1032 1975 1053 1993 9.
1071 1967 1147 1989 forma
1157 1971 1197 1994 pro
1208 1971 1274 1989 sexta
1285 1967 1316 1988 D.

1034 2012 1067 2026 10.
1085 2009 1107 2026 et
1127 2008 1167 2031 pro
1187 2012 1240 2026 cum
1260 2005 1290 2026 D.
1354 2004 1377 2028 1¹5
1397 2005 1474 2031 (xxxvi
1492 2005 1524 2030 D)
1543 2005 1672 2031 dragmatis

993 2045 1087 2069 generat
1104 2042 1253 2064 adiectiuam.
1286 2042 1337 2063 Erit
1351 2049 1405 2068 ergo
1419 2042 1462 2064 hoc
1479 2045 1557 2064 totum
1573 2042 1671 2069 dragma

994 2083 1017 2102 et
1028 2080 1038 2103 ἓ
1050 2079 1086 2101 vel
1099 2080 1110 2106 ἒ
1124 2080 1159 2105 Η-
1171 2079 1269 2105 dragma
1280 2079 1314 2105 D)
1328 2083 1350 2101 et
1363 2083 1452 2101 sextam
1467 2079 1522 2105 (due
1533 2080 1565 2105 D)
1579 2079 1622 2102 0‘2.

1034 2125 1067 2138 12.
1085 2116 1184 2138 duxeris.
1220 2118 1253 2138 16.
1271 2116 1340 2138 huius
1352 2120 1391 2143 pro
1404 2120 1491 2138 autem.
1524 2120 1551 2138 ut
1563 2116 1669 2143 dragma.

1034 2161 1067 2180 17.
1084 2154 1179 2181 fietque.
1240 2157 1263 2176 et
1282 2157 1323 2180 pro
1342 2153 1434 2176 deinde.
1494 2153 1518 2175 'm
1536 2154 1669 2180 dragma-l-

993 2191 1184 2218 multiplicatum.

1034 2230 1067 2251 18⁴
1085 2233 1107 2251 et
1122 2229 1170 2251 sine
1184 2229 1223 2249 (fita
1238 2228 1290 2255 (om.
1304 2228 1337 2254 D)
1354 2228 1377 2250 in
1391 2228 1495 2255 dragma,
1510 2232 1600 2250 sextam
1617 2235 1669 2255 pro-

993 2270 1055 2288 creat
1069 2266 1174 2288 similiter
1186 2266 1362 2288 diminutiuam.

1034 2311 1067 2330 19.
1084 2303 1153 2325 vnius
1164 2311 1207 2325 om.
1270 2303 1293 2325 in
1305 2303 1354 2324 sine
1366 2306 1432 2325 sexta
1445 2304 1469 2328 ÷
1481 2302 1617 2325 deductum.

1032 2348 1066 2363 21.
1085 2341 1104 2363 C
1116 2341 1181 2362 mid..-
1202 2340 1312 2367 Sequitur
1325 2339 1437 2363 calculus.

1202 2378 1314 2400 drachma
1326 2377 1375 2399 sine
1387 2381 1453 2399 sexta

1202 2415 1281 2437 drach.
1326 2415 1375 2436 sine
1387 2422 1433 2436 sex.

1201 2453 1280 2475 drach.
1325 2452 1374 2474 sine
1386 2454 1397 2477 ὲ

1325 2490 1374 2511 sine
1386 2491 1396 2515 ὲ

1171 2532 1267 2550 manent
1281 2527 1300 2554 ξ.
1363 2527 1459 2549 Accedit
1474 2526 1484 2550 ὲ
1496 2526 1525 2548 de
1538 2526 1556 2550 ἐ.

991 2565 1058 2587 Vnde
1069 2565 1272 2592 multiplicationis
1283 2564 1425 2592 productum
1436 2563 1533 2586 tandem
1544 2563 1574 2586 ad
1588 2563 1599 2590 ἐ
1615 2563 1667 2590 plus

992 2606 1016 2630 ᾗ
1026 2610 1074 2625 sese
1086 2602 1205 2624 extendat.
