1780 2995
214 261 271 281 102

548 251 668 279 LIBER
695 251 907 278 ALGEBRAE
934 251 985 277 ET
1012 250 1283 278 ALMUCABOLA

188 355 197 369 1
249 343 340 381 Quod
360 343 385 373 si
405 342 540 373 radicem
562 342 672 372 tertiae
692 352 763 372 cum
784 342 885 371 radice
906 341 1081 371 medietatis
1103 341 1308 380 multiplicare
1328 341 1470 378 volueris,
1493 341 1617 371 tertiam

210 403 280 423 cum
300 393 467 423 medietate
487 392 669 431 multiplica,
690 396 721 421 et
739 391 921 430 producitur
941 401 1003 420 vna
1022 395 1117 421 sexta.

1161 391 1262 420 Radix
1281 391 1374 429 igitur
1393 395 1497 420 sextae
1516 390 1617 429 ipsum

210 447 256 472 est
271 443 355 481 quod
369 452 404 472 ex
418 442 520 471 radice
534 442 644 471 tertiae
658 451 728 471 cum
742 441 844 470 radice
858 440 1033 470 medietatis
1048 440 1264 478 multiplicata,
1280 440 1368 470 nobis
1382 440 1525 470 excreuit.

250 492 280 521 Si
296 497 402 521 autem
422 492 499 521 duas
518 491 635 521 radices
654 491 773 520 numeri
793 490 961 527 nouenarii,
975 500 1045 519 cum
1065 490 1163 520 tribus
1183 490 1337 520 radicibus
1356 490 1475 519 numeri
1495 494 1618 528 quater-

187 556 198 576 5
210 542 287 571 narii
319 541 524 579 multiplicare
551 541 694 578 volueris,
722 541 826 578 accipe
857 540 934 569 duas
965 540 1082 569 radices
1109 540 1228 569 numeri
1259 540 1417 569 nouenarii
1448 540 1617 569 secundum

211 591 295 629 quod
314 591 377 620 iam
397 591 539 627 diximus,
560 595 595 620 vt
616 590 693 620 scias
713 590 798 620 cuius
819 589 1013 619 substantiae
1032 589 1167 619 radicem
1187 590 1371 628 compleant.

1415 589 1560 619 Similiter
1579 589 1618 619 de

211 641 309 671 tribus
327 640 482 670 radicibus
501 640 619 669 numeri
638 640 827 678 quaternarii
846 639 950 675 facias,
968 645 1121 678 quatenus
1140 639 1226 669 cuius
1245 639 1438 669 substantiae
1454 639 1515 669 sint
1531 639 1617 668 radix

210 690 352 728 reperias,

395 691 461 720 Has
480 690 573 728 igitur
591 690 781 719 substantias
800 689 879 719 inter
898 700 929 719 se
947 689 1129 727 multiplica,
1148 700 1243 718 vnam
1262 689 1404 719 videlicet
1423 699 1528 719 earum
1547 699 1617 718 cum

210 741 317 776 altera,
335 745 430 778 atque
452 740 543 769 huius
565 739 709 778 producti
731 739 865 769 radicem
888 739 1002 777 accipe,
1020 739 1166 777 quoniam
1189 739 1246 768 hoc
1269 744 1315 768 est
1332 739 1415 777 quod
1438 749 1473 768 ex
1496 739 1617 768 duabus

174 805 200 819 ιο
210 790 364 819 radicibus
378 790 497 819 numeri
510 789 668 819 nouenarii
682 800 752 819 cum
766 789 863 819 tribus
877 789 1031 818 radicibus
1045 789 1233 827 quaternarii
1246 789 1459 827 multiplicatis
1473 788 1616 818 excreuit.

250 840 457 878 Quotcunque
474 839 567 877 igitur
586 839 702 869 radices
720 839 809 868 simul
828 839 976 876 colligere,
996 839 1043 868 vel
1066 849 1143 876 quas
1161 848 1179 867 a
1206 838 1392 876 quibusdam
1410 838 1546 867 minuere
1564 848 1617 867 vo-

211 889 311 927 lueris,
326 899 396 919 cum
410 899 509 919 errore
523 889 643 918 abiecto
657 889 744 918 iuxta
757 889 815 918 hoc
829 888 983 926 exemplar
998 888 1203 926 multiplicare
1216 888 1342 926 poteris.

518 989 567 1018 IN
570 989 720 1018 CIPIUN
722 988 749 1017 T
780 988 977 1018 CAPITUM
1007 987 1299 1025 QUAESTIONES

251 1055 339 1084 Dixit
352 1055 517 1084 Mahomet
530 1055 725 1093 Algoarizim,
739 1054 888 1084 hactenus
901 1054 1115 1092 praemisimus
1129 1064 1326 1083 numerorum
1340 1054 1453 1092 capita,
1467 1064 1547 1092 quae
1559 1054 1616 1083 sub

176 1114 200 1135 15
212 1115 263 1134 sex
283 1105 516 1143 quaestionibus
535 1115 591 1143 pro
610 1114 737 1134 numero
758 1104 895 1142 capitum
915 1104 947 1133 in
966 1104 1034 1133 libri
1053 1104 1203 1142 principio
1223 1114 1241 1133 a
1260 1104 1348 1133 nobis
1367 1104 1527 1142 proposita
1544 1108 1616 1133 sunt

213 1159 309 1192 atque
328 1154 370 1184 ibi
390 1154 485 1184 etiam
504 1154 646 1191 diximus,
667 1164 829 1183 numerum
848 1153 1081 1183 restaurationis
1101 1158 1131 1183 et
1151 1153 1353 1191 oppositionis
1372 1153 1403 1182 in
1422 1153 1469 1182 his
1499 1163 1549 1182 sex
1568 1163 1617 1182 ca-

213 1204 330 1242 pitibus
354 1204 480 1233 omnino
502 1203 626 1233 versari.

670 1204 729 1234 Sed
753 1203 901 1242 quoniam
923 1213 958 1232 ea
981 1203 1069 1241 quasi
1093 1203 1150 1232 sub
1174 1203 1338 1232 inuolucris
1363 1208 1393 1232 te
1412 1203 1511 1232 edicta
1533 1207 1616 1240 sunt,

213 1254 306 1291 igitur
328 1254 404 1283 haec
420 1254 496 1292 ipsa,
513 1254 574 1292 quo
597 1253 735 1283 omnium
751 1253 890 1282 studium
906 1257 1091 1289 exerceatur,
1109 1257 1139 1282 et
1156 1252 1284 1282 scientia
1307 1252 1425 1282 facilius
1455 1253 1616 1289 elucescat,

213 1304 403 1333 adducemus
417 1313 452 1333 ac
467 1303 564 1333 fusius
578 1303 775 1341 explicamus.

175 1405 202 1420 20
657 1387 756 1424 Caput
771 1386 913 1424 primum,
928 1385 1059 1424 quaestio
1074 1385 1173 1423 prima

254 1469 370 1499 Modus
388 1469 479 1499 huius
497 1469 687 1508 quaestionis
705 1474 761 1505 est,
780 1473 814 1498 vt
833 1468 935 1498 dicas:
963 1468 1124 1497 denarium
1141 1478 1304 1498 numerum
1326 1467 1358 1497 in
1381 1468 1442 1498 duo
1460 1467 1564 1498 diuide
1581 1472 1617 1498 vt

215 1519 278 1549 eius
294 1530 357 1549 vna
372 1529 444 1557 pars
460 1529 530 1549 cum
547 1519 644 1548 altera
666 1519 882 1557 multiplicata,
900 1528 1061 1547 numerum
1078 1528 1113 1547 ex
1130 1518 1386 1556 multiplicatione
1408 1523 1548 1548 concreet
1564 1528 1617 1547 seu

215 1570 376 1607 producat,
402 1569 454 1607 qui
479 1574 589 1607 quater
613 1573 757 1607 acceptus
782 1568 918 1607 aequalis
942 1568 1001 1597 fuit
1026 1578 1162 1605 numero,
1188 1578 1223 1597 ex
1247 1568 1504 1606 multiplicatione
1527 1568 1617 1597 vnius

214 1619 311 1657 partis
327 1619 419 1648 semel
435 1629 506 1648 cum
521 1629 553 1648 se
568 1619 635 1657 ipsa
651 1623 805 1656 generato.

176 1681 201 1701 25
254 1669 429 1698 Similitudo
445 1669 515 1698 talis
531 1673 587 1705 est,
603 1673 639 1697 vt
654 1679 748 1698 vnam
763 1673 885 1706 partem
900 1667 1019 1697 numeri
1035 1667 1151 1697 denarii
1166 1678 1230 1697 rem
1246 1668 1426 1704 constituas,
1443 1672 1473 1697 et
1489 1668 1617 1697 alteram

217 1729 252 1748 10
268 1718 332 1748 sine
348 1728 388 1748 re.

431 1718 608 1756 Multiplica
625 1718 718 1756 igitur
734 1728 797 1747 rem
815 1728 884 1747 cum
904 1728 938 1747 10
954 1717 1018 1747 sine
1034 1728 1075 1754 re,
1092 1718 1167 1747 fient
1187 1728 1221 1747 10
1237 1728 1283 1747 res
1300 1718 1416 1756 absque
1432 1717 1616 1747 substantia.

215 1768 296 1797 Item
314 1768 486 1806 multiplica
508 1778 543 1797 10
561 1778 608 1797 res
627 1768 743 1806 absque
762 1768 938 1797 substantia
957 1777 1027 1797 cum
1046 1772 1189 1806 quatuor,
1210 1767 1357 1806 quoniam
1375 1772 1486 1806 quater
1504 1767 1617 1804 d'misti,

254 1850 273 1865 2.
291 1843 377 1869 fietque
389 1843 399 1866 ὲ
412 1843 449 1869 (6³
460 1843 501 1868 D).
564 1843 635 1869 igitur
645 1851 688 1865 om.
700 1843 730 1865 D.
794 1843 851 1869 ipsa.

252 1887 273 1906 4.
291 1887 345 1902 cum
352 1880 427 1902 tribus
434 1880 551 1902 radicibus
558 1880 647 1902 numeri
655 1880 798 1907 quaternarii
806 1888 848 1902 om.
857 1880 887 1901 D.

254 1924 274 1943 5.
292 1917 394 1939 extrahe.

254 1960 274 1980 7.
292 1954 336 1976 fuit
349 1954 379 1976 D.

254 1992 274 2013 8.
292 1991 392 2013 inuicem
406 1995 445 2018 pro
458 1992 519 2013 inter
531 1999 562 2013 se.
625 1995 647 2014 et
661 1999 733 2014 unam
748 1991 781 2017 (id
794 1995 827 2014 est
842 1999 889 2014 una

216 2028 249 2054 D)
259 2036 339 2050 earum
349 2028 372 2050 in
381 2028 479 2050 alteram
489 2029 567 2055 ducas,
578 2032 601 2051 et
610 2029 680 2051 huius
688 2036 778 2051 summe
787 2029 889 2051 radicem

215 2065 323 2092 accipias.

254 2110 275 2129 9.
292 2103 343 2125 erit.

256 2147 290 2162 10.
308 2140 425 2162 radicibus
435 2148 478 2162 om.
539 2141 629 2162 numeri
641 2139 687 2167 4¹1¹.

256 2184 265 2198 1
272 2185 290 2199 x.
307 2177 438 2204 Quotquot.
501 2178 525 2199 in
552 2178 621 2200 simul
648 2178 755 2205 colligere
781 2178 888 2200 volueris.

216 2214 316 2236 inuicem
327 2215 364 2236 sed
374 2215 416 2237 del.
426 2218 445 2236 et
455 2215 559 2237 minuere
569 2219 679 2242 superi-cr.
690 2216 713 2237 D
724 2223 785 2238 man.
798 2223 817 2237 2.

257 2259 265 2273 1
272 2259 290 2273 2.
308 2251 371 2273 omni
381 2255 421 2278 pro
430 2259 491 2274 cum.
554 2253 642 2280 poteris
654 2254 678 2278 -†-
690 2252 741 2275 laus
749 2252 793 2275 deo
802 2256 846 2275 etc.
856 2253 889 2278 V:

217 2288 303 2315 poteris
314 2296 357 2310 om.
370 2289 400 2310 D.

257 2333 290 2352 13.
310 2326 411 2348 Titulum
424 2334 467 2349 om.

258 2365 336 2389 14—16.
354 2364 485 2386 Mahumed
505 2365 653 2392 Algoarizim,
674 2366 775 2393 primum
795 2366 890 2393 quidem

217 2400 321 2426 capitula
336 2401 425 2423 numeri
442 2403 606 2429 proposuimus
623 2403 780 2430 (premisimus
795 2404 828 2429 D)
845 2411 890 2430 que

218 2437 260 2459 sub
279 2445 317 2459 sex
336 2439 499 2465 questionibus
517 2440 547 2461 ad
569 2440 746 2463 similitudinem
768 2442 781 2463 6
799 2441 890 2468 capitu-

218 2473 293 2496 lorum
304 2475 328 2497 in
339 2474 391 2497 libri
405 2476 519 2503 principio
530 2478 705 2504 propositorum
716 2478 888 2500 constituimus.

217 2511 262 2533 Vbi
274 2512 348 2534 eciam
359 2512 460 2535 diximus
470 2521 542 2540 quam
553 2522 671 2536 numerus⁴

259 2555 292 2574 17.
310 2549 390 2576 procul
402 2549 474 2572 dubio
485 2555 600 2573 versatur.

259 2593 337 2612 17-19.
355 2594 382 2609 ea
392 2594 438 2613 que
449 2588 472 2609 in
483 2589 645 2615 questionibus
655 2589 722 2616 quasi
733 2589 776 2611 sub
787 2589 890 2616 quodam

940 1847 1077 1869 tegumento
1093 1847 1148 1866 sunt
1164 1843 1234 1869 dicta,
1252 1844 1289 1866 hic
1305 1843 1362 1866 illud
1377 1844 1401 1866 in
1416 1851 1463 1871 quo
1479 1843 1579 1866 sciencia
1593 1846 1616 1864 et

940 1881 1011 1903 animi
1028 1881 1133 1903 studium
1145 1881 1242 1903 faciliori
1260 1885 1411 1903 exerceantur
1423 1881 1489 1903 aditu
1503 1880 1616 1903 elucescet

939 1917 1117 1940 introducimus.
1181 1918 1200 1940 C
1213 1918 1278 1940 add:
1298 1918 1360 1945 Quid
1376 1918 1395 1940 si
1410 1918 1517 1945 quaestio
1531 1917 1615 1944 capitis

940 1955 1026 1982 primi?
1089 1959 1112 1978 te
1124 1959 1163 1982 pro
1176 1955 1218 1977 tibi
1231 1956 1257 1978 C.

980 1999 1014 2014 20.
1034 1993 1135 2014 Titulum
1149 2000 1191 2014 om.
1206 1996 1225 2015 ει
1238 1993 1270 2015 sic
1284 1993 1371 2020 ubique.

980 2037 1014 2051 21.
1032 2030 1062 2052 ln
1084 2037 1152 2056 marg.
1175 2030 1194 2052 C
1215 2030 1311 2055 Textus,
1334 2034 1353 2052 et
1373 2030 1406 2052 sic
1428 2030 1510 2057 ubique
1532 2030 1557 2051 in
1577 2029 1618 2051 has

941 2070 1023 2094 quaest.
1087 2067 1175 2089 Modus
1192 2067 1261 2089 huius
1278 2067 1383 2094 capituli.
1447 2067 1560 2089 decenum
1578 2070 1618 2093 pro

941 2104 1063 2127 denarium
1077 2105 1125 2132 sere
1145 2106 1232 2133 ubique.
1297 2106 1331 2128 ita
1349 2105 1373 2128 in
1391 2105 1438 2127 duo
1456 2108 1475 2127 et
1492 2106 1525 2127 sic
1543 2108 1616 2131 saepe.

941 2141 1028 2164 diuido.

981 2187 1015 2201 22.
1033 2179 1117 2202 diuisio
1130 2184 1169 2207 pro
1181 2188 1235 2208 pars
1246 2181 1278 2202 vel
1289 2187 1342 2207 pars
1353 2180 1474 2202 diuisionis
1484 2180 1584 2206 saepius.

981 2224 1059 2243 ²2-24-
1079 2217 1187 2243 deducta,
1222 2225 1333 2240 numerus
1365 2225 1392 2239 ex
1423 2217 1618 2244 multiplicatione

941 2253 1026 2276 increet
1042 2258 1065 2276 et
1080 2259 1164 2281 quater
1182 2259 1293 2282 acceptus
1306 2254 1387 2277 similis
1400 2255 1429 2276 sit
1446 2262 1543 2276 nurnero
1559 2256 1615 2281 (non

942 2291 974 2316 D)
998 2298 1024 2313 ex
1046 2291 1242 2318 multiplicatione
1265 2292 1334 2314 unius
1357 2292 1478 2314 diuisionis
1501 2291 1571 2314 semel
1593 2292 1617 2314 in

941 2328 1041 2355 seipsam
1060 2328 1161 2351 deducte
1172 2333 1291 2355 generato.

982 2374 1016 2393 25.
1033 2367 1063 2389 In
1084 2375 1152 2394 marg.
1186 2368 1205 2390 C
1226 2368 1312 2393 Minor,
1333 2371 1352 2389 ct
1371 2368 1404 2390 sic
1426 2367 1513 2394 ubique.
1577 2367 1615 2389 de-

942 2411 991 2426 cem
1011 2408 1050 2430 pro
1070 2404 1166 2427 denarii.
1229 2405 1328 2427 alteram
1340 2406 1365 2430 -i—
1376 2405 1480 2427 eiusdem
1501 2404 1560 2431 (eius
1578 2404 1612 2429 D)

941 2440 1087 2463 diuisionem.

982 2480 1015 2500 26.
1034 2480 1073 2500 re1
1086 2480 1110 2504 -k-
1122 2486 1239 2506 proponas
1261 2479 1294 2505 V;
1308 2480 1332 2504 -1-
1343 2486 1459 2506 propones
1482 2479 1513 2501 D.
1576 2479 1616 2500 re²

941 2523 984 2537 om.
997 2516 1024 2537 V.
1088 2515 1192 2543 fientque
1206 2524 1232 2538 ro
1245 2516 1342 2538 radices.

982 2559 1016 2579 27.
1036 2560 1062 2575 10
1074 2553 1122 2575 sine
1134 2560 1158 2575 re
1169 2553 1202 2580 V;
1223 2561 1271 2576 rem
1283 2554 1305 2575 D
1319 2557 1358 2580 pro
1372 2560 1399 2575 10
1410 2560 1446 2575 res
1458 2553 1547 2580 absque
1559 2552 1613 2575 sub-

942 2590 1038 2612 stantia.
