1780 2995
251 324 288 356 72
586 315 705 343 LIBER
733 315 942 343 ALGEBRAE
970 315 1022 342 ΕΤ
1047 315 1316 343 ALMUCABOLA

226 423 236 437 1
248 418 329 446 quae
349 407 454 437 omnia
475 417 512 445 39
533 407 669 443 adiicias,
686 411 717 436 et
736 406 867 436 veniunt
887 408 934 443 64.
977 406 1080 436 Huius
1100 406 1194 444 igitur
1214 406 1316 436 radice
1343 406 1497 444 quadrata
1518 411 1656 445 accepta,

248 467 329 496 quae
347 462 393 487 est
412 459 440 495 8,
459 457 499 487 ab
518 467 553 487 ea
572 457 772 487 medietatem
792 456 930 486 radicum
951 466 966 495 5
986 456 1161 493 subtrahas,
1181 461 1211 486 et
1230 457 1402 486 manebunt
1421 466 1449 494 3.
1490 456 1656 486 Ternarius

247 508 341 546 igitur
364 517 511 537 numerus
533 507 625 537 huius
649 507 843 536 substantiae
866 516 961 536 Vnam
985 506 1122 536 ostendit
1146 506 1290 543 radicem,
1315 515 1395 544 quae
1417 505 1562 535 videlicet
1585 506 1656 535 sub-

247 557 366 588 stantia
385 556 553 586 nouenario
573 557 743 586 dinoscitur
762 566 900 586 numero.
942 557 1066 586 Nouem
1085 556 1179 594 igitur
1198 556 1282 585 illam
1302 561 1493 594 componunt
1513 556 1656 585 substan-

222 618 235 639 s
249 607 336 637 tiam.

259 684 261 689 ,
287 657 432 687 Similiter
454 661 610 695 quotquot
633 656 826 686 substantiae
847 655 1025 694 propositae
1040 655 1164 691 fuerint,
1188 665 1294 685 omnes
1315 655 1356 685 ad
1376 665 1471 685 vnam
1493 659 1656 685 conuertas

246 706 467 736 substantiam.
511 706 657 736 Similiter
669 706 816 744 quicquid
829 716 899 735 cum
912 706 954 735 eis
967 715 1002 735 ex
1015 706 1149 736 numeris
1162 706 1226 735 siue
1239 705 1393 735 radicibus
1406 705 1509 741 fuerit,
1521 704 1553 734 id
1565 714 1656 734 omne

246 766 283 786 eo
301 756 395 786 modo
414 766 476 794 quo
495 766 565 785 cum
584 755 767 785 substantiis
785 755 884 792 existi,
904 760 1076 785 conuertas.
1119 755 1221 785 Huius
1236 760 1342 785 autem
1358 755 1565 785 conuersionis
1585 754 1655 785 talis

247 811 295 836 est
309 806 430 843 modus,
445 811 481 835 vt
496 806 521 836 si
535 806 630 842 dicas,

211 884 238 899 10
462 873 553 902 Duae
566 871 760 902 substantiae
773 876 804 901 et
821 882 856 901 10
869 872 986 901 radices
999 873 1037 908 48
1051 871 1205 902 drachmis
1219 876 1439 910 coaequantur.

288 939 390 969 Huius
405 939 480 969 artis
495 939 567 968 talis
582 943 628 968 est
644 938 852 976 inuestigatio,
868 943 903 968 vt
919 938 1013 975 dicas,
1030 939 1116 976 Quae
1131 943 1203 968 sunt
1219 938 1299 968 duae
1314 938 1508 968 substantiae
1523 938 1655 967 inuicem

246 990 403 1026 collectae,
417 989 530 1027 quibus
544 988 569 1018 si
581 988 751 1018 similitudo
768 998 803 1017 10
816 987 955 1018 radicum
968 998 1074 1017 earum
1087 988 1235 1017 adiuncta
1249 988 1352 1024 fuerit,
1365 988 1405 1017 ad
1419 990 1456 1024 48
1470 992 1538 1017 tota
1552 993 1655 1017 exten—

246 1039 340 1069 datur
357 1038 505 1069 collectio.
549 1039 642 1068 Nunc
664 1043 771 1068 autem
793 1043 926 1076 oportet,
944 1043 980 1067 vt
997 1038 1075 1067 duas
1097 1037 1289 1068 substantias
1310 1038 1351 1067 ad
1368 1048 1463 1067 vnam
1481 1042 1654 1067 conuertas.

247 1090 307 1120 Sed
325 1089 387 1119 iam
406 1088 606 1118 manifestum
625 1092 681 1124 est,
695 1088 842 1126 quoniam
860 1098 923 1117 vna
941 1088 1118 1117 substantia
1136 1088 1337 1117 medietatem
1355 1088 1488 1117 duarum
1503 1087 1655 1125 designat,

209 1154 235 1175 ις
247 1139 341 1177 igitur
349 1149 473 1169 ornnem
484 1149 548 1168 rem
558 1138 588 1167 in
599 1138 657 1167 hac
668 1138 848 1176 quaestione
859 1137 916 1167 tibi
925 1138 1127 1176 propositam,
1136 1138 1176 1167 ad
1186 1138 1322 1167 medium
1331 1142 1503 1174 conuertas,
1511 1137 1655 1166 dicendo:

286 1189 469 1219 Substantia
485 1193 516 1218 et
536 1197 550 1226 5
564 1187 681 1217 radices
695 1198 731 1224 24
743 1188 897 1217 drachmis
914 1192 1134 1225 coaequantur.
1178 1188 1294 1217 Modus
1307 1187 1398 1217 huius
1411 1187 1453 1216 rei
1466 1187 1537 1216 talis
1550 1192 1606 1224 est,
1619 1191 1656 1216 vt

246 1239 340 1275 dicas,
355 1239 442 1276 Quae
456 1243 501 1268 est
516 1238 702 1274 substantia,
718 1237 766 1267 cui
780 1237 804 1267 si
818 1237 955 1276 quinque
968 1248 1039 1267 suas
1052 1237 1170 1267 radices
1183 1237 1367 1273 adiunxeris,
1382 1237 1422 1266 ad
1441 1248 1476 1273 24
1490 1241 1654 1267 excrescat.

245 1289 339 1319 Nunc
358 1288 453 1318 etiam
472 1292 606 1327 oportet,
623 1292 659 1317 vt
679 1287 719 1317 ad
738 1288 875 1326 regulam
894 1297 988 1326 supra
1006 1287 1114 1317 datam
1136 1287 1275 1317 animum
1294 1292 1467 1323 conuertas,
1483 1291 1516 1316 et
1535 1287 1656 1316 diuidas

247 1338 365 1368 radices
379 1348 434 1376 per
450 1338 586 1367 medium
602 1342 633 1367 et
648 1337 779 1367 veniunt
797 1348 810 1366 2
828 1342 859 1367 et
874 1337 965 1367 vnius
981 1337 1141 1374 medietas,
1157 1337 1193 1367 iis
1209 1347 1279 1367 curn
1295 1347 1326 1367 se
1341 1337 1415 1375 ipsis
1430 1337 1655 1375 multiplicatis,

208 1401 237 1416 20
246 1388 462 1426 producuntur
474 1390 491 1417 6
505 1392 536 1417 et
552 1385 615 1424 1l4,
629 1387 687 1417 illis
708 1398 743 1424 24
762 1387 898 1423 adiicias,
911 1387 1041 1416 veniunt
1055 1397 1093 1425 30
1105 1392 1135 1416 et
1148 1387 1239 1416 vnius
1260 1384 1324 1423 1l4.
1367 1388 1479 1417 Postea
1498 1387 1589 1417 huius
1604 1397 1655 1425 ag-

245 1437 363 1476 gregati
375 1438 510 1467 radicem
523 1437 710 1475 quadratam
723 1437 865 1475 accipias,
878 1447 973 1475 quarn
986 1437 1100 1466 scilicet
1115 1446 1129 1475 5
1143 1442 1174 1466 et
1186 1437 1277 1466 Vnius
1289 1437 1439 1466 medietas
1452 1442 1654 1475 componunt,

245 1497 282 1517 ex
297 1497 359 1526 qua
375 1487 576 1517 medietatem
593 1487 741 1523 radicum,
763 1497 776 1516 2
794 1485 857 1523 1l2,
876 1487 1041 1516 subtrahas
1054 1492 1085 1516 et
1097 1487 1269 1516 manebunt
1281 1497 1309 1524 3,
1322 1497 1402 1525 quae
1413 1497 1508 1516 vnam
1521 1487 1654 1516 radicem

245 1537 440 1567 substantiae
454 1537 641 1576 exprimunt,
656 1547 751 1575 quam
765 1536 975 1566 substantiam
990 1536 1176 1566 nouenarius
1191 1536 1349 1574 componit
1367 1546 1523 1566 numerus.
1569 1537 1611 1566 Et
1630 1536 1655 1566 si

246 1587 409 1623 diceretur,

208 1651 234 1671 25
287 1637 442 1666 Medietas
458 1637 652 1666 substantiae
667 1642 697 1666 et
713 1636 850 1675 quinque
865 1636 982 1666 radices
999 1638 1034 1665 28
1050 1641 1261 1674 coaequantur
1276 1636 1440 1666 drachmis.

285 1686 387 1716 Huius
402 1687 571 1725 questionis
586 1687 657 1716 talis
671 1691 718 1716 est
732 1687 852 1723 modus,
867 1691 904 1716 vt
918 1686 1012 1723 dicas,
1028 1686 1114 1723 Quae
1129 1691 1175 1715 est
1189 1686 1375 1722 substantia,
1392 1686 1478 1716 cuius
1492 1686 1654 1716 medietati

246 1735 271 1765 si
292 1736 429 1774 quinque
450 1746 520 1766 suas
542 1736 659 1765 radices
680 1736 864 1772 adiunxeris,
887 1740 955 1765 tota
977 1746 1098 1765 summa
1119 1736 1159 1765 ad
1182 1738 1217 1765 28
1239 1741 1403 1772 excrescat,
1425 1735 1470 1765 ita
1491 1741 1597 1765 tamen
1618 1741 1655 1765 vt

246 1786 423 1815 substantia
442 1796 522 1824 quae
541 1786 626 1824 prius
646 1786 800 1815 diminuta
820 1786 931 1822 fuerat,
951 1786 1089 1824 perfecta
1109 1786 1309 1824 compleatur.
1353 1786 1453 1823 Igitur
1472 1786 1564 1815 huius
1584 1786 1654 1816 sub-

246 1836 381 1867 stantiae
403 1836 553 1865 medietas
576 1845 646 1865 cum
668 1835 822 1865 radicibus
845 1845 948 1865 secum
969 1835 1192 1874 pronunciatis,
1215 1835 1403 1873 duplicanda
1430 1840 1493 1872 est;
1523 1835 1653 1865 veniunt

208 1900 237 1920 ³0
248 1891 364 1922 autem,

286 1959 304 1973 1.
320 1958 379 1978 quas
394 1951 428 1977 (-†-
439 1950 486 1972 suis
496 1950 530 1976 D)
545 1957 614 1977 super
628 1958 656 1977 39
673 1950 760 1972 adicias
776 1950 889 1977 (addicias
904 1953 923 1972 ct
1018 1957 1052 1977 13.
1070 1954 1096 1972 ut
1110 1950 1140 1972 ad
1153 1957 1225 1972 unam
1242 1950 1401 1972 substantiam
1414 1950 1474 1972 duas
1489 1954 1613 1973 conuertas
1626 1951 1652 1973 V.

245 1989 278 2011 sic
289 1989 370 2016 ubique
381 1988 414 2014 D)
430 1992 453 2010 et
468 1987 523 2010 fient
541 1989 576 2014 64.
608 1988 686 2009 Huius
702 1995 755 2014 ergo
773 1987 922 2010 collectionis.
1017 1994 1052 2014 15.
1070 1991 1093 2009 et
1106 1988 1148 2009 hoc
1163 1988 1209 2011 (hic
1221 1988 1254 2012 D)
1268 1992 1303 2010 est
1315 1992 1341 2010 ut
1353 1988 1418 2010 dicas
1429 1992 1469 2014 pro
1482 1988 1588 2010 dicendo.

246 2026 364 2053 quadrata
371 2033 421 2052 om.,
430 2026 488 2047 rtsic
497 2025 584 2052 ubique.
641 2029 763 2052 assumpta
771 2029 810 2051 pro
819 2029 923 2052 accepta.
1015 2026 1049 2047 16.
1067 2025 1225 2047 substantiam
1237 2029 1276 2052 pro
1288 2025 1429 2048 substantia.
1482 2026 1510 2048 28
1525 2029 1566 2052 pro
1582 2033 1610 2053 ²4
1625 2026 1653 2050 V.

276 2070 296 2085 2.
313 2070 374 2090 quae
388 2067 436 2085 est:
454 2063 477 2084 id
492 2066 527 2085 est
542 2063 575 2088 V;
596 2066 629 2084 est
645 2063 676 2084 D.
738 2062 761 2084 id
774 2066 808 2084 est
820 2062 924 2089 quinque
977 2066 1093 2089 coequant
1107 2062 1134 2084 V.

247 2104 286 2128 pro
300 2108 311 2128 5
323 2103 342 2123 et
352 2101 384 2123 sic
396 2101 491 2127 passim.
553 2100 671 2122 diminuas
683 2103 722 2126 pro
735 2099 861 2121 subtrahas
872 2103 924 2126 pas-
1016 2106 1051 2126 17.
1069 2100 1104 2121 sui
1115 2103 1155 2126 pro
1166 2107 1220 2122 suas
1231 2100 1262 2122 D.

245 2139 297 2161 sim.
357 2138 526 2160 remanebunt:
548 2145 667 2159 remanere
679 2141 719 2164 pro
731 2144 824 2159 manere
836 2137 923 2164 ubique.
1018 2138 1051 2159 18.
1069 2137 1157 2159 dictam
1170 2141 1210 2163 pm
1223 2137 1312 2159 datam.
1375 2137 1461 2160 diuide.

245 2175 276 2197 In
287 2175 396 2202 marg.D,
405 2175 508 2202 figurae,⁸
523 2175 571 2196 vide
584 2175 639 2197 Tab.
652 2174 683 2197 ΙΙ.
1016 2181 1051 2201 19.
1069 2178 1137 2196 erunt
1159 2178 1200 2201 pro
1222 2175 1328 2197 veniunt.
1392 2182 1431 2197 eas
1443 2177 1467 2200 ἥ-
1479 2182 1533 2202 ergo
1555 2179 1595 2202 pro
1617 2175 1651 2198 iis.

284 2220 306 2239 3.
325 2213 412 2235 scilicet
426 2213 456 2234 D.
976 2212 1000 2234 in
1024 2211 1099 2238 seipsa
1124 2212 1154 2234 D.
1218 2212 1357 2239 multiplica.

284 2258 306 2277 4.
324 2250 435 2272 noscitur.
496 2250 543 2272 iam
555 2253 595 2276 pro
607 2249 678 2271 illarn.
1015 2256 1050 2270 20.
1068 2253 1091 2271 et
1103 2249 1159 2271 fient
1169 2250 1184 2271 6
1196 2253 1219 2271 et
1233 2248 1272 2276 1l4
1286 2250 1386 2276 (numeri
1398 2253 1438 2276 pro
1451 2251 1491 2277 1l4
1502 2250 1535 2272 bis
1548 2250 1580 2276 D)
1594 2257 1654 2277 quas

285 2288 306 2309 6.
324 2287 411 2309 fuerint
425 2289 448 2312 -Ι-
461 2291 487 2309 ut
510 2291 564 2309 sunt
584 2287 629 2308 due
648 2286 684 2309 uel
705 2286 751 2313 (uel
777 2294 820 2309 om.
845 2287 879 2313 D)
900 2289 924 2313 3⁵
976 2286 1084 2308 videlicet
1105 2294 1174 2313 super
1196 2294 1222 2313 24
1244 2287 1332 2309 adicias
1347 2287 1451 2314 fientque
1473 2287 1588 2315 (fiantque
1609 2288 1652 2314 D).

247 2324 283 2346 uel
301 2324 378 2351 plures
389 2332 429 2346 seu
443 2325 501 2351 (siue
518 2325 550 2350 D)
564 2324 685 2351 pauciores
698 2324 792 2346 fuerint.
976 2331 1066 2346 summe
1078 2328 1118 2350 pro
1131 2324 1259 2351 aggregati.

286 2368 306 2388 7.
323 2366 441 2389 quotquot
463 2362 495 2387 νς
525 2362 641 2389 quidquid
662 2362 693 2384 D.
756 2369 796 2384 seu
805 2362 833 2384 V.
894 2362 924 2384 ad
1014 2368 1049 2384 21.
1067 2362 1166 2388 accipies
1177 2362 1206 2384 V.
1268 2362 1387 2389 componit
1398 2362 1427 2383 D.

247 2399 270 2421 id
292 2399 328 2421 cui
352 2399 428 2426 (cuius
448 2400 482 2425 D)
503 2399 662 2421 substantiam
681 2399 818 2422 conuertisti
840 2403 879 2426 pro
901 2399 924 2421 id
1014 2406 1048 2421 22.
1065 2399 1271 2426 qua†videlicet.
1333 2399 1416 2421 radicis
1436 2399 1595 2422 substantiam
1612 2403 1653 2426 pro

247 2444 316 2459 omne
329 2455 333 2459 ,
352 2455 357 2459 ,
376 2455 380 2459 .
393 2437 468 2459 existi.
976 2436 1078 2458 radicem
1088 2436 1242 2459 substantiae.

286 2474 308 2496 8.
327 2481 380 2501 ergo
394 2478 434 2501 pro
447 2478 534 2496 autem.
1015 2481 1050 2501 24.
1068 2474 1164 2496 diceret.

284 2519 306 2538 9.
324 2512 342 2533 si
354 2519 397 2533 om.
1015 2513 1050 2533 26.
1068 2513 1116 2534 est¹
1128 2519 1170 2534 om.
1183 2512 1214 2534 D.
1276 2512 1397 2534 medietati
1408 2513 1432 2537 -ξ-
1441 2511 1477 2534 cui
1487 2515 1557 2538 supra
1566 2519 1651 2534 versum

287 2556 321 2571 11.
339 2549 416 2571 Huius
426 2550 450 2574 4-
459 2553 539 2571 autem
555 2549 587 2572 D.
656 2553 691 2572 est
705 2549 746 2571 hec
760 2553 800 2576 pro
814 2549 869 2571 talis
881 2552 923 2571 est.
977 2549 999 2571 D
1011 2557 1072 2572 man.
1086 2557 1105 2571 2.

248 2589 273 2608 ut
286 2586 304 2608 si
317 2586 389 2608 dicas.
1016 2593 1050 2613 ²7-
1073 2594 1098 2608 rx
1117 2590 1156 2613 pro
1176 2587 1264 2609 radices
1282 2587 1310 2609 V.
1373 2594 1452 2609 sumas
1470 2590 1490 2609 el
1508 2594 1562 2609 suas
1580 2590 1651 2614 supra

290 2631 323 2645 12.
344 2631 370 2645 10
389 2631 421 2646 rx.
433 2626 455 2648 -4-
467 2624 537 2646 unius
555 2624 588 2650 V;
611 2632 626 2647 x
647 2624 752 2646 radicum
765 2626 789 2650 -ὶ-
803 2624 872 2646 unius
893 2624 924 2646 D.
976 2631 1060 2646 versum
1073 2624 1096 2646 D
1108 2632 1169 2647 man.
1183 2632 1202 2647 2.
1265 2631 1291 2651 ²5
1303 2628 1342 2651 pro
1356 2624 1383 2646 28
1395 2624 1422 2647 V.
1483 2624 1547 2652 quod
1562 2628 1602 2651 pro
1615 2628 1650 2646 vt.

247 2660 278 2683 In
290 2667 358 2687 marg.
374 2655 405 2694 2
416 2653 468 2697 ‘KQ
487 2655 522 2695 -1-·
547 2655 639 2698 ¹0(ae
651 2664 768 2688 equantur
782 2669 815 2688 24.
847 2661 878 2684 D.
1015 2668 1050 2688 ²9-
1069 2661 1155 2688 fietque
1165 2665 1207 2688 pro
1217 2661 1315 2684 veniunt
1326 2665 1413 2683 autem.
