1780 2995
246 263 305 302 136
425 264 579 291 ADDITA
606 264 804 298 QUAEDAM
832 263 910 292 PRO
938 264 1248 292 DECLARATIONE
1275 265 1484 292 ALGEBRAE

222 370 231 385 1
244 355 396 394 aequales,
417 365 486 384 cum
505 365 559 393 per
578 354 820 385 subtractionem
839 355 1015 393 aequalium
1034 355 1074 384 ab
1093 355 1283 393 aequalibus,
1304 356 1383 385 linea
1402 366 1422 385 n
1442 356 1460 385 h
1480 356 1576 386 lineae
1595 356 1614 385 d
1632 366 1647 386 e

243 405 379 443 aequalis
400 405 449 434 sit.
493 405 611 434 Eadem
632 415 652 434 n
672 405 690 434 h
711 405 800 441 linea,
821 409 947 443 propter
967 405 1199 443 aequalitatem,
1215 405 1312 434 lineae
1333 416 1361 435 m
1382 416 1402 435 n
1422 406 1558 444 aequalis
1579 406 1645 436 erit.

243 455 342 492 Igitur
361 454 534 493 superficies
555 455 572 483 lz
592 455 602 483 l
622 459 652 484 et
673 465 701 484 m
714 455 736 493 s
753 454 904 493 aequales.
947 455 1037 484 Duae
1057 455 1149 492 igitur
1169 455 1342 493 superficies
1361 455 1380 484 d
1400 466 1420 484 n
1440 460 1470 485 et
1490 456 1508 484 lt
1527 456 1537 485 l
1557 456 1646 486 simul

243 509 395 543 sumptae,
409 515 444 534 ex
457 505 612 534 communi
624 504 675 534 illa
687 505 811 541 noticia,
825 504 849 533 si
862 504 1042 543 aequalibus
1054 505 1194 543 aequalia
1207 505 1401 542 adiiciantur,
1414 505 1467 534 vni
1479 506 1647 543 superficiei

220 567 232 588 5
243 555 262 584 d
269 555 290 594 s
301 565 380 593 quae
396 565 430 583 12
446 554 594 591 continet,
609 555 752 593 aequales
766 559 865 584 erunt.
908 554 996 584 Vnde
1010 555 1034 583 si
1048 565 1192 584 numerus
1210 565 1242 584 12
1258 555 1392 585 addatur
1405 555 1445 584 ad
1459 555 1646 593 quadratum

243 616 257 634 e
270 606 297 642 k,
312 605 398 634 cuius
412 605 493 634 latus
506 604 554 634 vel
568 604 654 634 radix
667 609 713 634 est
727 604 806 634 linea
819 615 833 633 e
845 615 871 642 g,
885 604 1034 634 medietas
1047 605 1166 634 numeri
1179 605 1327 641 radicum,
1342 605 1503 634 resultabit
1516 605 1647 644 quadra-

243 660 311 684 tum
326 655 345 683 d
360 655 380 692 l,
398 655 483 684 cuius
499 654 580 683 latus
597 654 645 683 vel
662 654 748 683 radix
764 659 810 683 est
827 654 906 683 linea
921 654 940 683 d
955 664 981 692 g.
1025 654 1055 683 Si
1071 654 1164 692 igitur
1180 654 1221 683 illi
1238 655 1332 684 radici
1349 655 1482 684 addatur
1499 655 1646 685 medietas

242 704 361 734 numeri
380 704 528 741 radicum,
549 714 628 742 quae
648 709 694 734 est
713 704 792 733 linea
811 714 828 742 g
847 714 870 741 c,
891 704 970 734 linea
989 704 1008 733 d
1027 715 1050 741 c,
1072 714 1151 743 quae
1171 709 1217 734 est
1237 705 1318 735 latus
1339 715 1455 742 census,
1476 705 1646 743 proueniet.

243 755 335 784 Patet
349 764 418 792 ergo
431 754 634 792 propositum.

204 854 232 870 10
281 838 459 876 Sequuntur
474 837 589 875 figurae
605 837 818 874 geometricae

1074 903 1234 1090 ns
1509 919 1527 953 b

362 901 1205 1418 Ξ[.ἶῐῆ
1071 945 1529 1415 .

281 1463 338 1495 Vel
354 1464 411 1493 sub
428 1463 488 1493 alia
504 1464 612 1500 forma,
627 1463 688 1494 sic·
681 1487 688 1493 .

367 1537 853 2019 ί..ὦ

365 2005 384 2039 b
672 2022 688 2044 e
829 2013 851 2035 a

536 2113 707 2151 Sequuntur
721 2112 929 2150 multiplicatio
944 2122 1010 2141 cum
1025 2112 1134 2142 additis
1149 2116 1174 2142 et
1188 2112 1346 2141 diminutis

282 2195 367 2225 Sicut
382 2195 464 2225 idem
480 2200 525 2225 est
541 2195 745 2233 multiplicare
760 2195 966 2233 compositum
982 2205 1051 2224 cum
1068 2195 1248 2233 composito,
1266 2200 1296 2224 et
1312 2194 1516 2232 multiplicare
1531 2198 1647 2224 vtram-

242 2256 301 2284 que
316 2251 437 2283 partem
453 2246 614 2284 compositi
631 2256 701 2275 cum
716 2250 847 2283 vtraque
862 2250 951 2283 parte
967 2245 1139 2283 compositi,
1156 2250 1191 2274 vt
1207 2245 1249 2274 sic
1265 2245 1320 2274 fiat
1337 2244 1528 2283 quadruplex
1544 2244 1647 2274 multi-

204 2309 228 2329 15
241 2295 378 2334 plicatio,
395 2295 510 2325 scilicet
527 2295 648 2325 articuli
665 2306 735 2325 cum
751 2295 880 2325 articulo
902 2300 933 2324 et
955 2295 1043 2333 digiti
1065 2305 1135 2325 cum
1157 2295 1296 2331 articulo,
1314 2295 1424 2324 deinde
1440 2294 1561 2323 articuli
1578 2304 1647 2324 cum

241 2345 348 2382 digito,
363 2350 393 2374 et
407 2350 518 2383 quarto
533 2345 621 2383 digiti
634 2355 704 2374 cum
718 2344 823 2382 digito.
868 2344 1086 2374 Comsimiliter
1099 2349 1203 2382 potest
1218 2344 1281 2374 fieri
1295 2344 1486 2383 quadruplex
1500 2344 1647 2382 multipli-

242 2395 332 2431 catio,
351 2395 404 2424 vbi
422 2395 569 2424 articulus
587 2400 617 2424 et
635 2395 749 2432 digitus
768 2405 837 2424 cum
853 2394 981 2424 articulo
997 2399 1118 2432 praeter
1133 2395 1265 2432 digitum
1280 2394 1484 2432 multiplicare
1498 2394 1600 2431 debet,
1617 2399 1647 2424 et

242 2445 380 2474 similiter
390 2445 442 2474 vbi
454 2445 600 2474 articulus
610 2450 731 2482 praeter
741 2444 873 2482 digitum
883 2454 953 2473 cum
963 2444 1092 2474 articulo
1102 2450 1133 2473 et
1144 2444 1250 2482 digito,
1262 2444 1310 2473 vel
1322 2444 1440 2479 contra,
1450 2443 1647 2482 multiplicari

242 2494 343 2523 debet.
386 2494 474 2524 Vnde
497 2494 660 2523 indicimus
684 2494 916 2532 quadruplicem
940 2494 1239 2532 multiplicationem,
1263 2499 1358 2533 atque
1381 2493 1412 2523 in
1436 2493 1520 2523 omni
1544 2493 1646 2523 multi-

204 2558 231 2573 20
242 2544 406 2582 plicatione
422 2544 476 2573 tali
491 2544 650 2581 praedicta
664 2544 739 2573 haec
754 2544 857 2581 regula
872 2544 1010 2573 notanda
1025 2548 1081 2573 est.

282 2594 312 2623 Si
331 2593 419 2631 digiti
439 2598 503 2624 tam
522 2593 552 2624 in
571 2594 806 2632 multiplicando
824 2604 919 2632 quam
936 2593 968 2624 in
986 2593 1212 2632 multiplicante
1230 2593 1329 2623 additi
1348 2603 1418 2623 cum
1437 2593 1574 2623 articulis
1591 2597 1647 2623 aut
