<?xml version="1.0" encoding="UTF-8"?>
<!DOCTYPE html PUBLIC "-//W3C//DTD XHTML 1.0 Transitional//EN"
    "http://www.w3.org/TR/xhtml1/DTD/xhtml1-transitional.dtd">
<html xmlns="http://www.w3.org/1999/xhtml" xml:lang="en" lang="en">
 <head>
  <title>
</title>
<meta http-equiv="Content-Type" content="text/html;charset=utf-8" />
  <meta name='ocr-system' content='tesseract 3.04.00' />
  <meta name='ocr-capabilities' content='ocr_page ocr_carea ocr_par ocr_line ocrx_word'/>
</head>
<body>
  <div class='ocr_page' id='page_1' title='image "./robertofchesters00khuw_0114.png"; bbox 0 0 1780 2995; ppageno 0'>
   <div class='ocr_carea' id='block_1_1' title="bbox 243 265 1316 305">
    <p class='ocr_par' dir='ltr' id='par_1_1' title="bbox 243 265 1316 305">
     <span class='ocr_line' id='line_1_1' title="bbox 243 265 1316 305; baseline -0.004 -8"><span class='ocrx_word' id='word_1_1' title='bbox 243 265 285 305; x_wconf 90' lang='lat'>84</span> <span class='ocrx_word' id='word_1_2' title='bbox 590 267 707 295; x_wconf 90' lang='lat' dir='ltr'>LIBER</span> <span class='ocrx_word' id='word_1_3' title='bbox 735 267 944 294; x_wconf 88' lang='lat' dir='ltr'><strong>ALGEBRAE</strong></span> <span class='ocrx_word' id='word_1_4' title='bbox 971 267 1023 293; x_wconf 89' lang='lat' dir='ltr'>ET</span> <span class='ocrx_word' id='word_1_5' title='bbox 1049 266 1316 294; x_wconf 89' lang='lat' dir='ltr'><strong>ALMUCABOLA</strong></span> 
     </span>
    </p>
   </div>
   <div class='ocr_carea' id='block_1_2' title="bbox 206 357 1654 1641">
    <p class='ocr_par' dir='ltr' id='par_1_2' title="bbox 206 357 1654 1641">
     <span class='ocr_line' id='line_1_2' title="bbox 223 357 1649 396; baseline -0.001 -8"><span class='ocrx_word' id='word_1_6' title='bbox 223 375 231 389; x_wconf 92' lang='lat'><em>1</em></span> <span class='ocrx_word' id='word_1_7' title='bbox 244 363 290 388; x_wconf 89' lang='lat' dir='ltr'>est</span> <span class='ocrx_word' id='word_1_8' title='bbox 303 358 333 387; x_wconf 89' lang='lat' dir='ltr'>in</span> <span class='ocrx_word' id='word_1_9' title='bbox 346 368 407 396; x_wconf 89' lang='lat' dir='ltr'>quo</span> <span class='ocrx_word' id='word_1_10' title='bbox 420 357 499 387; x_wconf 86' lang='lat' dir='ltr'>linea</span> <span class='ocrx_word' id='word_1_11' title='bbox 511 362 520 387; x_wconf 83' lang='lat' dir='ltr'>t</span> <span class='ocrx_word' id='word_1_12' title='bbox 532 368 546 387; x_wconf 86' lang='lat' dir='ltr'>e</span> <span class='ocrx_word' id='word_1_13' title='bbox 558 368 571 387; x_wconf 87' lang='lat' dir='ltr'>c</span> <span class='ocrx_word' id='word_1_14' title='bbox 583 358 695 388; x_wconf 90' lang='lat' dir='ltr'>lineam</span> <span class='ocrx_word' id='word_1_15' title='bbox 708 368 726 387; x_wconf 86' lang='lat' dir='ltr'>a</span> <span class='ocrx_word' id='word_1_16' title='bbox 738 358 755 387; x_wconf 85' lang='lat' dir='ltr'><strong><em>h</em></strong></span> <span class='ocrx_word' id='word_1_17' title='bbox 768 357 798 387; x_wconf 90' lang='lat' dir='ltr'>in</span> <span class='ocrx_word' id='word_1_18' title='bbox 811 357 989 395; x_wconf 87' lang='lat' dir='ltr'>quantitate</span> <span class='ocrx_word' id='word_1_19' title='bbox 1001 357 1148 394; x_wconf 78' lang='lat' dir='ltr'>deuincit,</span> <span class='ocrx_word' id='word_1_20' title='bbox 1161 357 1349 395; x_wconf 87' lang='lat' dir='ltr'>quadratum</span> <span class='ocrx_word' id='word_1_21' title='bbox 1362 367 1375 387; x_wconf 89' lang='lat' dir='ltr'>e</span> <span class='ocrx_word' id='word_1_22' title='bbox 1388 368 1407 387; x_wconf 86' lang='lat' dir='ltr'><em>n</em></span> <span class='ocrx_word' id='word_1_23' title='bbox 1419 367 1448 387; x_wconf 89' lang='lat' dir='ltr'>m</span> <span class='ocrx_word' id='word_1_24' title='bbox 1460 367 1474 386; x_wconf 86' lang='lat' dir='ltr'>c</span> <span class='ocrx_word' id='word_1_25' title='bbox 1485 367 1649 396; x_wconf 90' lang='lat' dir='ltr'>ponamus.</span> 
     </span>
     <span class='ocr_line' id='line_1_3' title="bbox 244 407 1652 446; baseline -0.001 -9"><span class='ocrx_word' id='word_1_26' title='bbox 244 408 332 437; x_wconf 92' lang='lat' dir='ltr'>Vnde</span> <span class='ocrx_word' id='word_1_27' title='bbox 345 412 376 437; x_wconf 90' lang='lat' dir='ltr'>et</span> <span class='ocrx_word' id='word_1_28' title='bbox 390 407 451 437; x_wconf 91' lang='lat' dir='ltr'>iam</span> <span class='ocrx_word' id='word_1_29' title='bbox 465 407 675 444; x_wconf 86' lang='lat' dir='ltr'>manifestum,</span> <span class='ocrx_word' id='word_1_30' title='bbox 689 417 759 437; x_wconf 92' lang='lat' dir='ltr'>cum</span> <span class='ocrx_word' id='word_1_31' title='bbox 773 407 852 436; x_wconf 88' lang='lat' dir='ltr'>linea</span> <span class='ocrx_word' id='word_1_32' title='bbox 866 411 875 436; x_wconf 82' lang='lat' dir='ltr'><em>t</em></span> <span class='ocrx_word' id='word_1_33' title='bbox 888 417 901 436; x_wconf 85' lang='lat' dir='ltr'><em>c</em></span> <span class='ocrx_word' id='word_1_34' title='bbox 914 407 1051 445; x_wconf 88' lang='lat' dir='ltr'>aequalis</span> <span class='ocrx_word' id='word_1_35' title='bbox 1064 407 1104 436; x_wconf 88' lang='lat' dir='ltr'>sit</span> <span class='ocrx_word' id='word_1_36' title='bbox 1118 407 1196 437; x_wconf 90' lang='lat' dir='ltr'>linea</span> <span class='ocrx_word' id='word_1_37' title='bbox 1209 407 1219 436; x_wconf 87' lang='lat' dir='ltr'>l</span> <span class='ocrx_word' id='word_1_38' title='bbox 1232 417 1255 443; x_wconf 82' lang='lat' dir='ltr'>c,</span> <span class='ocrx_word' id='word_1_39' title='bbox 1270 417 1341 436; x_wconf 89' lang='lat' dir='ltr'>nam</span> <span class='ocrx_word' id='word_1_40' title='bbox 1355 407 1439 445; x_wconf 83' lang='lat' dir='ltr'>ipsae</span> <span class='ocrx_word' id='word_1_41' title='bbox 1453 407 1483 436; x_wconf 92' lang='lat' dir='ltr'>in</span> <span class='ocrx_word' id='word_1_42' title='bbox 1497 408 1652 446; x_wconf 87' lang='lat' dir='ltr'>quadrato</span> 
     </span>
     <span class='ocr_line' id='line_1_4' title="bbox 243 456 1653 496; baseline 0 -9"><span class='ocrx_word' id='word_1_43' title='bbox 243 461 253 487; x_wconf 87' lang='lat' dir='ltr'>t</span> <span class='ocrx_word' id='word_1_44' title='bbox 266 458 277 487; x_wconf 89' lang='lat' dir='ltr'>l</span> <span class='ocrx_word' id='word_1_45' title='bbox 290 457 433 495; x_wconf 84' lang='lat' dir='ltr'>aequales</span> <span class='ocrx_word' id='word_1_46' title='bbox 446 457 687 495; x_wconf 85' lang='lat' dir='ltr'>protenduntur,</span> <span class='ocrx_word' id='word_1_47' title='bbox 698 456 838 486; x_wconf 89' lang='lat' dir='ltr'>similiter</span> <span class='ocrx_word' id='word_1_48' title='bbox 851 461 882 487; x_wconf 90' lang='lat' dir='ltr'>et</span> <span class='ocrx_word' id='word_1_49' title='bbox 896 457 975 486; x_wconf 91' lang='lat' dir='ltr'>linea</span> <span class='ocrx_word' id='word_1_50' title='bbox 990 467 1003 486; x_wconf 79' lang='lat' dir='ltr'>e</span> <span class='ocrx_word' id='word_1_51' title='bbox 1017 467 1031 486; x_wconf 83' lang='lat' dir='ltr'>c</span> <span class='ocrx_word' id='word_1_52' title='bbox 1045 457 1142 486; x_wconf 91' lang='lat' dir='ltr'>lineae</span> <span class='ocrx_word' id='word_1_53' title='bbox 1152 467 1180 486; x_wconf 89' lang='lat' dir='ltr'>m</span> <span class='ocrx_word' id='word_1_54' title='bbox 1195 467 1208 486; x_wconf 81' lang='lat' dir='ltr'><em>c</em></span> <span class='ocrx_word' id='word_1_55' title='bbox 1218 457 1365 495; x_wconf 85' lang='lat' dir='ltr'>aequalis,</span> <span class='ocrx_word' id='word_1_56' title='bbox 1377 457 1449 495; x_wconf 89' lang='lat' dir='ltr'>quia</span> <span class='ocrx_word' id='word_1_57' title='bbox 1460 457 1543 496; x_wconf 83' lang='lat' dir='ltr'>ipsae</span> <span class='ocrx_word' id='word_1_58' title='bbox 1554 457 1653 496; x_wconf 92' lang='lat' dir='ltr'>quad-</span> 
     </span>
     <span class='ocr_line' id='line_1_5' title="bbox 243 506 1652 545; baseline 0 -9"><span class='ocrx_word' id='word_1_59' title='bbox 243 512 346 537; x_wconf 92' lang='lat' dir='ltr'>ratum</span> <span class='ocrx_word' id='word_1_60' title='bbox 363 518 377 536; x_wconf 82' lang='lat' dir='ltr'>e</span> <span class='ocrx_word' id='word_1_61' title='bbox 393 517 421 536; x_wconf 91' lang='lat' dir='ltr'>m</span> <span class='ocrx_word' id='word_1_62' title='bbox 438 507 560 545; x_wconf 89' lang='lat' dir='ltr'>aequali</span> <span class='ocrx_word' id='word_1_63' title='bbox 576 506 765 536; x_wconf 84' lang='lat' dir='ltr'>dimensione</span> <span class='ocrx_word' id='word_1_64' title='bbox 782 506 982 536; x_wconf 80' lang='lat' dir='ltr'>circundant:</span> <span class='ocrx_word' id='word_1_65' title='bbox 1009 507 1185 545; x_wconf 83' lang='lat' dir='ltr'>aequalium</span> <span class='ocrx_word' id='word_1_66' title='bbox 1202 507 1295 544; x_wconf 89' lang='lat' dir='ltr'>igitur</span> <span class='ocrx_word' id='word_1_67' title='bbox 1311 507 1350 536; x_wconf 88' lang='lat' dir='ltr'>ab</span> <span class='ocrx_word' id='word_1_68' title='bbox 1367 507 1548 545; x_wconf 83' lang='lat' dir='ltr'>aequalibus</span> <span class='ocrx_word' id='word_1_69' title='bbox 1565 507 1652 537; x_wconf 88' lang='lat' dir='ltr'>lineis</span> 
     </span>
     <span class='ocr_line' id='line_1_6' title="bbox 219 556 1650 595; baseline 0 -9"><span class='ocrx_word' id='word_1_70' title='bbox 219 569 231 588; x_wconf 82' lang='lat'>⁵</span> <span class='ocrx_word' id='word_1_71' title='bbox 243 557 454 587; x_wconf 84' lang='lat' dir='ltr'>subtractione</span> <span class='ocrx_word' id='word_1_72' title='bbox 473 557 567 593; x_wconf 84' lang='lat' dir='ltr'>facta,</span> <span class='ocrx_word' id='word_1_73' title='bbox 587 557 666 586; x_wconf 89' lang='lat' dir='ltr'>linea</span> <span class='ocrx_word' id='word_1_74' title='bbox 684 561 694 586; x_wconf 80' lang='lat' dir='ltr'>t</span> <span class='ocrx_word' id='word_1_75' title='bbox 712 568 725 585; x_wconf 75' lang='lat' dir='ltr'>e</span> <span class='ocrx_word' id='word_1_76' title='bbox 744 556 841 586; x_wconf 88' lang='lat' dir='ltr'>lineae</span> <span class='ocrx_word' id='word_1_77' title='bbox 859 557 869 585; x_wconf 85' lang='lat' dir='ltr'>l</span> <span class='ocrx_word' id='word_1_78' title='bbox 888 567 916 586; x_wconf 87' lang='lat' dir='ltr'>m</span> <span class='ocrx_word' id='word_1_79' title='bbox 934 556 1071 595; x_wconf 84' lang='lat' dir='ltr'>aequalis</span> <span class='ocrx_word' id='word_1_80' title='bbox 1090 557 1279 595; x_wconf 89' lang='lat' dir='ltr'>relinquetur</span> <span class='ocrx_word' id='word_1_81' title='bbox 1298 557 1381 595; x_wconf 87' lang='lat' dir='ltr'>quod</span> <span class='ocrx_word' id='word_1_82' title='bbox 1399 562 1447 587; x_wconf 89' lang='lat' dir='ltr'>est</span> <span class='ocrx_word' id='word_1_83' title='bbox 1465 557 1650 586; x_wconf 93' lang='lat' dir='ltr'>notandum.</span> 
     </span>
     <span class='ocr_line' id='line_1_7' title="bbox 285 605 1652 645; baseline 0 -9"><span class='ocrx_word' id='word_1_84' title='bbox 285 607 404 636; x_wconf 90' lang='lat' dir='ltr'>Rursus</span> <span class='ocrx_word' id='word_1_85' title='bbox 421 607 621 637; x_wconf 80' lang='lat' dir='ltr'>manifestum</span> <span class='ocrx_word' id='word_1_86' title='bbox 637 611 694 643; x_wconf 79' lang='lat' dir='ltr'>est,</span> <span class='ocrx_word' id='word_1_87' title='bbox 707 606 855 644; x_wconf 87' lang='lat' dir='ltr'>quoniam</span> <span class='ocrx_word' id='word_1_88' title='bbox 871 605 950 635; x_wconf 91' lang='lat' dir='ltr'>linea</span> <span class='ocrx_word' id='word_1_89' title='bbox 966 617 982 645; x_wconf 86' lang='lat' dir='ltr'><em>g</em></span> <span class='ocrx_word' id='word_1_90' title='bbox 997 606 1016 635; x_wconf 81' lang='lat' dir='ltr'>d</span> <span class='ocrx_word' id='word_1_91' title='bbox 1031 606 1168 644; x_wconf 87' lang='lat' dir='ltr'>aequalis</span> <span class='ocrx_word' id='word_1_92' title='bbox 1184 611 1230 636; x_wconf 90' lang='lat' dir='ltr'>est</span> <span class='ocrx_word' id='word_1_93' title='bbox 1246 606 1344 636; x_wconf 90' lang='lat' dir='ltr'>lineae</span> <span class='ocrx_word' id='word_1_94' title='bbox 1359 617 1377 635; x_wconf 88' lang='grc' dir='ltr'><em>α</em></span> <span class='ocrx_word' id='word_1_95' title='bbox 1393 607 1421 643; x_wconf 76' lang='lat' dir='ltr'>lt,</span> <span class='ocrx_word' id='word_1_96' title='bbox 1434 616 1508 636; x_wconf 89' lang='lat' dir='ltr'>cum</span> <span class='ocrx_word' id='word_1_97' title='bbox 1521 606 1606 645; x_wconf 87' lang='lat' dir='ltr'>ipsae</span> <span class='ocrx_word' id='word_1_98' title='bbox 1621 606 1652 636; x_wconf 88' lang='lat' dir='ltr'>in</span> 
     </span>
     <span class='ocr_line' id='line_1_8' title="bbox 244 656 1654 695; baseline 0 -10"><span class='ocrx_word' id='word_1_99' title='bbox 244 656 409 686; x_wconf 87' lang='lat' dir='ltr'>latitudine</span> <span class='ocrx_word' id='word_1_100' title='bbox 422 667 511 686; x_wconf 89' lang='lat' dir='ltr'>areae</span> <span class='ocrx_word' id='word_1_101' title='bbox 524 657 541 685; x_wconf 80' lang='lat' dir='ltr'>lz</span> <span class='ocrx_word' id='word_1_102' title='bbox 554 667 571 695; x_wconf 85' lang='lat' dir='ltr'><em>g</em></span> <span class='ocrx_word' id='word_1_103' title='bbox 584 656 705 694; x_wconf 89' lang='lat' dir='ltr'>aequali</span> <span class='ocrx_word' id='word_1_104' title='bbox 719 656 909 685; x_wconf 85' lang='lat' dir='ltr'>dimensione</span> <span class='ocrx_word' id='word_1_105' title='bbox 922 656 1104 693; x_wconf 90' lang='lat' dir='ltr'>tenduntur,</span> <span class='ocrx_word' id='word_1_106' title='bbox 1118 656 1171 686; x_wconf 88' lang='lat' dir='ltr'>sed</span> <span class='ocrx_word' id='word_1_107' title='bbox 1184 656 1263 685; x_wconf 87' lang='lat' dir='ltr'>linea</span> <span class='ocrx_word' id='word_1_108' title='bbox 1277 667 1294 685; x_wconf 88' lang='grc' dir='ltr'><em>α</em></span> <span class='ocrx_word' id='word_1_109' title='bbox 1308 657 1325 685; x_wconf 82' lang='lat' dir='ltr'><em>h</em></span> <span class='ocrx_word' id='word_1_110' title='bbox 1339 656 1476 695; x_wconf 89' lang='lat' dir='ltr'>aequalis</span> <span class='ocrx_word' id='word_1_111' title='bbox 1490 661 1536 686; x_wconf 90' lang='lat' dir='ltr'>est</span> <span class='ocrx_word' id='word_1_112' title='bbox 1555 656 1654 686; x_wconf 88' lang='lat' dir='ltr'>lineae</span> 
     </span>
     <span class='ocr_line' id='line_1_9' title="bbox 243 706 1652 744; baseline 0 -9"><span class='ocrx_word' id='word_1_113' title='bbox 243 706 261 735; x_wconf 80' lang='lat' dir='ltr'><strong><em>h</em></strong></span> <span class='ocrx_word' id='word_1_114' title='bbox 279 707 294 736; x_wconf 90' lang='lat' dir='ltr'>b</span> <span class='ocrx_word' id='word_1_115' title='bbox 312 716 383 736; x_wconf 90' lang='lat' dir='ltr'>cum</span> <span class='ocrx_word' id='word_1_116' title='bbox 401 706 485 744; x_wconf 83' lang='lat' dir='ltr'>ipsae</span> <span class='ocrx_word' id='word_1_117' title='bbox 503 706 533 735; x_wconf 92' lang='lat' dir='ltr'>in</span> <span class='ocrx_word' id='word_1_118' title='bbox 551 716 614 735; x_wconf 91' lang='lat' dir='ltr'>vno</span> <span class='ocrx_word' id='word_1_119' title='bbox 632 706 786 744; x_wconf 88' lang='lat' dir='ltr'>quadrato</span> <span class='ocrx_word' id='word_1_120' title='bbox 804 711 985 744; x_wconf 82' lang='lat' dir='ltr'>appareant.</span> <span class='ocrx_word' id='word_1_121' title='bbox 1028 706 1109 735; x_wconf 88' lang='lat' dir='ltr'>Item</span> <span class='ocrx_word' id='word_1_122' title='bbox 1128 706 1274 744; x_wconf 86' lang='lat' dir='ltr'>quoniam</span> <span class='ocrx_word' id='word_1_123' title='bbox 1293 706 1372 735; x_wconf 89' lang='lat' dir='ltr'>linea</span> <span class='ocrx_word' id='word_1_124' title='bbox 1390 717 1406 744; x_wconf 86' lang='lat' dir='ltr'><em>g</em></span> <span class='ocrx_word' id='word_1_125' title='bbox 1423 706 1433 735; x_wconf 81' lang='lat' dir='ltr'>l</span> <span class='ocrx_word' id='word_1_126' title='bbox 1450 706 1588 744; x_wconf 91' lang='lat' dir='ltr'>aequalis</span> <span class='ocrx_word' id='word_1_127' title='bbox 1605 710 1652 735; x_wconf 90' lang='lat' dir='ltr'>est</span> 
     </span>
     <span class='ocr_line' id='line_1_10' title="bbox 244 755 1653 794; baseline 0.001 -9"><span class='ocrx_word' id='word_1_128' title='bbox 244 756 341 786; x_wconf 88' lang='lat' dir='ltr'>lineae</span> <span class='ocrx_word' id='word_1_129' title='bbox 357 756 376 785; x_wconf 81' lang='lat' dir='ltr'>d</span> <span class='ocrx_word' id='word_1_130' title='bbox 392 767 415 792; x_wconf 86' lang='lat' dir='ltr'>e,</span> <span class='ocrx_word' id='word_1_131' title='bbox 429 766 499 786; x_wconf 89' lang='lat' dir='ltr'>cum</span> <span class='ocrx_word' id='word_1_132' title='bbox 516 756 600 794; x_wconf 89' lang='lat' dir='ltr'>ipsae</span> <span class='ocrx_word' id='word_1_133' title='bbox 616 756 647 786; x_wconf 90' lang='lat' dir='ltr'>in</span> <span class='ocrx_word' id='word_1_134' title='bbox 664 766 726 785; x_wconf 93' lang='lat' dir='ltr'>vno</span> <span class='ocrx_word' id='word_1_135' title='bbox 743 755 897 794; x_wconf 86' lang='lat' dir='ltr'>quadrato</span> <span class='ocrx_word' id='word_1_136' title='bbox 914 755 1105 793; x_wconf 88' lang='lat' dir='ltr'>reperiantur</span> <span class='ocrx_word' id='word_1_137' title='bbox 1122 756 1275 794; x_wconf 79' lang='lat' dir='ltr'>aequales,</span> <span class='ocrx_word' id='word_1_138' title='bbox 1289 756 1342 785; x_wconf 90' lang='lat' dir='ltr'>sed</span> <span class='ocrx_word' id='word_1_139' title='bbox 1358 755 1438 785; x_wconf 90' lang='lat' dir='ltr'>linea</span> <span class='ocrx_word' id='word_1_140' title='bbox 1454 757 1473 785; x_wconf 81' lang='lat' dir='ltr'>d</span> <span class='ocrx_word' id='word_1_141' title='bbox 1485 766 1499 785; x_wconf 81' lang='lat' dir='ltr'>e</span> <span class='ocrx_word' id='word_1_142' title='bbox 1515 755 1653 794; x_wconf 86' lang='lat' dir='ltr'>aequalis</span> 
     </span>
     <span class='ocr_line' id='line_1_11' title="bbox 207 805 1653 844; baseline 0.001 -10"><span class='ocrx_word' id='word_1_143' title='bbox 207 819 234 834; x_wconf 89' lang='lat'>10</span> <span class='ocrx_word' id='word_1_144' title='bbox 244 811 291 836; x_wconf 92' lang='lat' dir='ltr'>est</span> <span class='ocrx_word' id='word_1_145' title='bbox 307 806 325 835; x_wconf 82' lang='lat' dir='ltr'>lz</span> <span class='ocrx_word' id='word_1_146' title='bbox 341 817 364 842; x_wconf 79' lang='lat' dir='ltr'>e,</span> <span class='ocrx_word' id='word_1_147' title='bbox 382 816 452 836; x_wconf 89' lang='lat' dir='ltr'>cum</span> <span class='ocrx_word' id='word_1_148' title='bbox 468 806 553 844; x_wconf 88' lang='lat' dir='ltr'>ipsae</span> <span class='ocrx_word' id='word_1_149' title='bbox 570 806 675 835; x_wconf 89' lang='lat' dir='ltr'>decem</span> <span class='ocrx_word' id='word_1_150' title='bbox 692 806 808 835; x_wconf 86' lang='lat' dir='ltr'>radices</span> <span class='ocrx_word' id='word_1_151' title='bbox 824 815 878 843; x_wconf 89' lang='lat' dir='ltr'>per</span> <span class='ocrx_word' id='word_1_152' title='bbox 894 805 1030 835; x_wconf 89' lang='lat' dir='ltr'>medium</span> <span class='ocrx_word' id='word_1_153' title='bbox 1046 805 1207 841; x_wconf 81' lang='lat' dir='ltr'>diuidant3</span> <span class='ocrx_word' id='word_1_154' title='bbox 1234 805 1313 835; x_wconf 88' lang='lat' dir='ltr'>linea</span> <span class='ocrx_word' id='word_1_155' title='bbox 1330 805 1422 843; x_wconf 86' lang='lat' dir='ltr'>igitur</span> <span class='ocrx_word' id='word_1_156' title='bbox 1437 806 1456 835; x_wconf 88' lang='lat' dir='ltr'>d</span> <span class='ocrx_word' id='word_1_157' title='bbox 1471 806 1482 835; x_wconf 85' lang='lat' dir='ltr'>l</span> <span class='ocrx_word' id='word_1_158' title='bbox 1497 805 1653 835; x_wconf 88' lang='lat' dir='ltr'>residuum</span> 
     </span>
     <span class='ocr_line' id='line_1_12' title="bbox 244 855 1653 894; baseline 0 -9"><span class='ocrx_word' id='word_1_159' title='bbox 244 855 341 885; x_wconf 87' lang='lat' dir='ltr'>lineae</span> <span class='ocrx_word' id='word_1_160' title='bbox 357 866 374 894; x_wconf 87' lang='lat' dir='ltr'><em>g</em></span> <span class='ocrx_word' id='word_1_161' title='bbox 390 856 410 892; x_wconf 84' lang='lat' dir='ltr'>l,</span> <span class='ocrx_word' id='word_1_162' title='bbox 424 856 521 885; x_wconf 88' lang='lat' dir='ltr'>lineae</span> <span class='ocrx_word' id='word_1_163' title='bbox 538 867 551 885; x_wconf 83' lang='lat' dir='ltr'>e</span> <span class='ocrx_word' id='word_1_164' title='bbox 569 856 584 885; x_wconf 84' lang='lat' dir='ltr'><em>b</em></span> <span class='ocrx_word' id='word_1_165' title='bbox 602 866 637 885; x_wconf 85' lang='lat' dir='ltr'>ex</span> <span class='ocrx_word' id='word_1_166' title='bbox 654 855 733 884; x_wconf 90' lang='lat' dir='ltr'>linea</span> <span class='ocrx_word' id='word_1_167' title='bbox 750 866 764 884; x_wconf 83' lang='lat' dir='ltr'>e</span> <span class='ocrx_word' id='word_1_168' title='bbox 781 855 799 884; x_wconf 80' lang='lat' dir='ltr'>lz</span> <span class='ocrx_word' id='word_1_169' title='bbox 817 855 955 884; x_wconf 89' lang='lat' dir='ltr'>residuae</span> <span class='ocrx_word' id='word_1_170' title='bbox 967 855 1104 893; x_wconf 88' lang='lat' dir='ltr'>aequalis</span> <span class='ocrx_word' id='word_1_171' title='bbox 1121 855 1196 884; x_wconf 89' lang='lat' dir='ltr'>erit:</span> <span class='ocrx_word' id='word_1_172' title='bbox 1222 860 1317 893; x_wconf 89' lang='lat' dir='ltr'>atque</span> <span class='ocrx_word' id='word_1_173' title='bbox 1334 855 1471 892; x_wconf 88' lang='lat' dir='ltr'>tandem,</span> <span class='ocrx_word' id='word_1_174' title='bbox 1485 865 1556 885; x_wconf 91' lang='lat' dir='ltr'>cum</span> <span class='ocrx_word' id='word_1_175' title='bbox 1573 855 1653 885; x_wconf 88' lang='lat' dir='ltr'>linea</span> 
     </span>
     <span class='ocr_line' id='line_1_13' title="bbox 243 905 1654 943; baseline 0 -9"><span class='ocrx_word' id='word_1_176' title='bbox 243 909 253 934; x_wconf 83' lang='lat' dir='ltr'><em>t</em></span> <span class='ocrx_word' id='word_1_177' title='bbox 269 915 282 934; x_wconf 83' lang='lat' dir='ltr'>e</span> <span class='ocrx_word' id='word_1_178' title='bbox 299 905 396 935; x_wconf 91' lang='lat' dir='ltr'>lineae</span> <span class='ocrx_word' id='word_1_179' title='bbox 412 906 422 934; x_wconf 89' lang='lat' dir='ltr'>l</span> <span class='ocrx_word' id='word_1_180' title='bbox 439 916 467 935; x_wconf 87' lang='lat' dir='ltr'>m</span> <span class='ocrx_word' id='word_1_181' title='bbox 484 916 520 935; x_wconf 86' lang='lat' dir='ltr'>ex</span> <span class='ocrx_word' id='word_1_182' title='bbox 537 905 684 943; x_wconf 88' lang='lat' dir='ltr'>superiori</span> <span class='ocrx_word' id='word_1_183' title='bbox 701 905 975 941; x_wconf 89' lang='lat' dir='ltr'>demonstratione,</span> <span class='ocrx_word' id='word_1_184' title='bbox 987 915 1048 934; x_wconf 88' lang='lat' dir='ltr'>non</span> <span class='ocrx_word' id='word_1_185' title='bbox 1066 905 1105 934; x_wconf 90' lang='lat' dir='ltr'>sit</span> <span class='ocrx_word' id='word_1_186' title='bbox 1122 905 1302 942; x_wconf 90' lang='lat' dir='ltr'>inaequalis,</span> <span class='ocrx_word' id='word_1_187' title='bbox 1319 915 1389 934; x_wconf 88' lang='lat' dir='ltr'>area</span> <span class='ocrx_word' id='word_1_188' title='bbox 1406 915 1500 943; x_wconf 89' lang='lat' dir='ltr'>quam</span> <span class='ocrx_word' id='word_1_189' title='bbox 1517 905 1597 934; x_wconf 89' lang='lat' dir='ltr'>linea</span> <span class='ocrx_word' id='word_1_190' title='bbox 1614 909 1623 934; x_wconf 82' lang='lat' dir='ltr'><em>t</em></span> <span class='ocrx_word' id='word_1_191' title='bbox 1639 915 1654 934; x_wconf 85' lang='lat' dir='ltr'>e</span> 
     </span>
     <span class='ocr_line' id='line_1_14' title="bbox 243 954 1652 993; baseline -0.001 -8"><span class='ocrx_word' id='word_1_192' title='bbox 243 960 274 985; x_wconf 88' lang='lat' dir='ltr'>et</span> <span class='ocrx_word' id='word_1_193' title='bbox 292 966 306 984; x_wconf 79' lang='lat' dir='ltr'>e</span> <span class='ocrx_word' id='word_1_194' title='bbox 325 956 340 985; x_wconf 84' lang='lat' dir='ltr'><em>b</em></span> <span class='ocrx_word' id='word_1_195' title='bbox 360 955 553 991; x_wconf 85' lang='lat' dir='ltr'>circundant,</span> <span class='ocrx_word' id='word_1_196' title='bbox 573 955 811 993; x_wconf 87' lang='lat' dir='ltr'>comprehensae</span> <span class='ocrx_word' id='word_1_197' title='bbox 830 955 886 984; x_wconf 91' lang='lat' dir='ltr'>sub</span> <span class='ocrx_word' id='word_1_198' title='bbox 905 956 915 984; x_wconf 81' lang='lat' dir='ltr'>l</span> <span class='ocrx_word' id='word_1_199' title='bbox 933 965 962 984; x_wconf 88' lang='lat' dir='ltr'>m</span> <span class='ocrx_word' id='word_1_200' title='bbox 981 960 1011 984; x_wconf 90' lang='lat' dir='ltr'>et</span> <span class='ocrx_word' id='word_1_201' title='bbox 1030 955 1049 984; x_wconf 84' lang='lat' dir='ltr'>d</span> <span class='ocrx_word' id='word_1_202' title='bbox 1066 955 1077 984; x_wconf 85' lang='lat' dir='ltr'>l</span> <span class='ocrx_word' id='word_1_203' title='bbox 1095 954 1181 984; x_wconf 88' lang='lat' dir='ltr'>lineis</span> <span class='ocrx_word' id='word_1_204' title='bbox 1200 964 1288 984; x_wconf 88' lang='lat' dir='ltr'>areae</span> <span class='ocrx_word' id='word_1_205' title='bbox 1307 955 1443 993; x_wconf 91' lang='lat' dir='ltr'>aequalis</span> <span class='ocrx_word' id='word_1_206' title='bbox 1462 955 1529 984; x_wconf 89' lang='lat' dir='ltr'>erit.</span> <span class='ocrx_word' id='word_1_207' title='bbox 1571 955 1652 984; x_wconf 90' lang='lat' dir='ltr'>Area</span> 
     </span>
     <span class='ocr_line' id='line_1_15' title="bbox 243 1004 1652 1043; baseline 0 -9"><span class='ocrx_word' id='word_1_208' title='bbox 243 1005 337 1043; x_wconf 86' lang='lat' dir='ltr'>igitur</span> <span class='ocrx_word' id='word_1_209' title='bbox 355 1009 365 1034; x_wconf 80' lang='lat' dir='ltr'><em>t</em></span> <span class='ocrx_word' id='word_1_210' title='bbox 383 1006 398 1034; x_wconf 83' lang='lat' dir='ltr'><em>b</em></span> <span class='ocrx_word' id='word_1_211' title='bbox 417 1005 554 1043; x_wconf 90' lang='lat' dir='ltr'>aequalis</span> <span class='ocrx_word' id='word_1_212' title='bbox 573 1010 619 1035; x_wconf 90' lang='lat' dir='ltr'>est</span> <span class='ocrx_word' id='word_1_213' title='bbox 637 1015 666 1034; x_wconf 86' lang='lat' dir='ltr'>m</span> <span class='ocrx_word' id='word_1_214' title='bbox 684 1005 703 1034; x_wconf 83' lang='lat' dir='ltr'>d</span> <span class='ocrx_word' id='word_1_215' title='bbox 721 1015 818 1034; x_wconf 89' lang='lat' dir='ltr'>areae.</span> <span class='ocrx_word' id='word_1_216' title='bbox 862 1005 903 1034; x_wconf 91' lang='lat' dir='ltr'>Et</span> <span class='ocrx_word' id='word_1_217' title='bbox 922 1004 983 1034; x_wconf 89' lang='lat' dir='ltr'>iam</span> <span class='ocrx_word' id='word_1_218' title='bbox 1002 1004 1203 1034; x_wconf 80' lang='lat' dir='ltr'>manifestum</span> <span class='ocrx_word' id='word_1_219' title='bbox 1221 1009 1278 1041; x_wconf 87' lang='lat' dir='ltr'>est,</span> <span class='ocrx_word' id='word_1_220' title='bbox 1297 1005 1444 1042; x_wconf 86' lang='lat' dir='ltr'>quoniam</span> <span class='ocrx_word' id='word_1_221' title='bbox 1463 1004 1652 1043; x_wconf 88' lang='lat' dir='ltr'>quadratum</span> 
     </span>
     <span class='ocr_line' id='line_1_16' title="bbox 208 1054 1653 1093; baseline -0.001 -9"><span class='ocrx_word' id='word_1_222' title='bbox 208 1069 233 1090; x_wconf 71' lang='grc' dir='ltr'>ις</span> <span class='ocrx_word' id='word_1_223' title='bbox 244 1055 275 1084; x_wconf 81' lang='lat' dir='ltr'>tl</span> <span class='ocrx_word' id='word_1_224' title='bbox 289 1064 323 1093; x_wconf 86' lang='lat'>25</span> <span class='ocrx_word' id='word_1_225' title='bbox 337 1055 367 1084; x_wconf 90' lang='lat' dir='ltr'>in</span> <span class='ocrx_word' id='word_1_226' title='bbox 380 1065 411 1084; x_wconf 93' lang='lat' dir='ltr'>se</span> <span class='ocrx_word' id='word_1_227' title='bbox 423 1055 572 1092; x_wconf 84' lang='lat' dir='ltr'>continet,</span> <span class='ocrx_word' id='word_1_228' title='bbox 586 1065 655 1084; x_wconf 96' lang='lat' dir='ltr'>cum</span> <span class='ocrx_word' id='word_1_229' title='bbox 672 1065 742 1093; x_wconf 86' lang='lat' dir='ltr'>ergo</span> <span class='ocrx_word' id='word_1_230' title='bbox 755 1065 791 1084; x_wconf 78' lang='lat' dir='ltr'>ex</span> <span class='ocrx_word' id='word_1_231' title='bbox 803 1054 911 1084; x_wconf 88' lang='lat' dir='ltr'>eodem</span> <span class='ocrx_word' id='word_1_232' title='bbox 924 1054 1078 1092; x_wconf 86' lang='lat' dir='ltr'>quadrato</span> <span class='ocrx_word' id='word_1_233' title='bbox 1091 1058 1100 1083; x_wconf 83' lang='lat' dir='ltr'>t</span> <span class='ocrx_word' id='word_1_234' title='bbox 1112 1054 1122 1083; x_wconf 85' lang='lat' dir='ltr'>l</span> <span class='ocrx_word' id='word_1_235' title='bbox 1134 1064 1220 1084; x_wconf 87' lang='lat' dir='ltr'>areas</span> <span class='ocrx_word' id='word_1_236' title='bbox 1232 1055 1251 1083; x_wconf 85' lang='lat' dir='ltr'>d</span> <span class='ocrx_word' id='word_1_237' title='bbox 1263 1058 1272 1083; x_wconf 84' lang='lat' dir='ltr'>t</span> <span class='ocrx_word' id='word_1_238' title='bbox 1285 1059 1315 1084; x_wconf 84' lang='lat' dir='ltr'>et</span> <span class='ocrx_word' id='word_1_239' title='bbox 1328 1065 1356 1083; x_wconf 80' lang='lat' dir='ltr'>m.</span> <span class='ocrx_word' id='word_1_240' title='bbox 1369 1054 1396 1090; x_wconf 81' lang='lat' dir='ltr'>d,</span> <span class='ocrx_word' id='word_1_241' title='bbox 1413 1064 1494 1092; x_wconf 88' lang='lat' dir='ltr'>quae</span> <span class='ocrx_word' id='word_1_242' title='bbox 1509 1054 1653 1084; x_wconf 90' lang='lat' dir='ltr'>videlicet</span> 
     </span>
     <span class='ocr_line' id='line_1_17' title="bbox 244 1104 1652 1143; baseline -0.001 -9"><span class='ocrx_word' id='word_1_243' title='bbox 244 1105 366 1135; x_wconf 89' lang='lat' dir='ltr'>duabus</span> <span class='ocrx_word' id='word_1_244' title='bbox 377 1105 454 1134; x_wconf 91' lang='lat' dir='ltr'>areis</span> <span class='ocrx_word' id='word_1_245' title='bbox 464 1116 481 1143; x_wconf 84' lang='lat' dir='ltr'><em>g</em></span> <span class='ocrx_word' id='word_1_246' title='bbox 492 1116 505 1134; x_wconf 83' lang='lat' dir='ltr'>e</span> <span class='ocrx_word' id='word_1_247' title='bbox 516 1110 546 1134; x_wconf 93' lang='lat' dir='ltr'>et</span> <span class='ocrx_word' id='word_1_248' title='bbox 558 1109 567 1134; x_wconf 91' lang='lat' dir='ltr'>t</span> <span class='ocrx_word' id='word_1_249' title='bbox 578 1105 603 1141; x_wconf 81' lang='lat' dir='ltr'>b,</span> <span class='ocrx_word' id='word_1_250' title='bbox 618 1115 653 1133; x_wconf 87' lang='lat'>20</span> <span class='ocrx_word' id='word_1_251' title='bbox 664 1110 695 1134; x_wconf 90' lang='lat' dir='ltr'>et</span> <span class='ocrx_word' id='word_1_252' title='bbox 706 1115 803 1134; x_wconf 80' lang='lat' dir='ltr'>vnum</span> <span class='ocrx_word' id='word_1_253' title='bbox 814 1104 844 1133; x_wconf 90' lang='lat' dir='ltr'>in</span> <span class='ocrx_word' id='word_1_254' title='bbox 856 1114 887 1134; x_wconf 93' lang='lat' dir='ltr'>se</span> <span class='ocrx_word' id='word_1_255' title='bbox 897 1104 1138 1140; x_wconf 84' lang='lat' dir='ltr'>continentibus,</span> <span class='ocrx_word' id='word_1_256' title='bbox 1151 1109 1223 1133; x_wconf 92' lang='lat' dir='ltr'>sunt</span> <span class='ocrx_word' id='word_1_257' title='bbox 1234 1104 1387 1142; x_wconf 82' lang='lat' dir='ltr'>aequales,</span> <span class='ocrx_word' id='word_1_258' title='bbox 1399 1104 1652 1141; x_wconf 77' lang='lat' dir='ltr'>subtraxerimus,</span> 
     </span>
     <span class='ocr_line' id='line_1_18' title="bbox 243 1154 1651 1193; baseline 0 -9"><span class='ocrx_word' id='word_1_259' title='bbox 243 1155 433 1193; x_wconf 88' lang='lat' dir='ltr'>quadratum</span> <span class='ocrx_word' id='word_1_260' title='bbox 448 1165 468 1184; x_wconf 82' lang='lat' dir='ltr'><strong><em>n</em></strong></span> <span class='ocrx_word' id='word_1_261' title='bbox 482 1165 496 1184; x_wconf 84' lang='lat' dir='ltr'><em>c</em></span> <span class='ocrx_word' id='word_1_262' title='bbox 510 1155 598 1184; x_wconf 91' lang='lat' dir='ltr'>nobis</span> <span class='ocrx_word' id='word_1_263' title='bbox 613 1154 762 1191; x_wconf 89' lang='lat' dir='ltr'>manebit,</span> <span class='ocrx_word' id='word_1_264' title='bbox 778 1154 831 1193; x_wconf 86' lang='lat' dir='ltr'>qui</span> <span class='ocrx_word' id='word_1_265' title='bbox 845 1154 935 1184; x_wconf 92' lang='lat' dir='ltr'>simul</span> <span class='ocrx_word' id='word_1_266' title='bbox 949 1164 1122 1191; x_wconf 90' lang='lat' dir='ltr'>numerum,</span> <span class='ocrx_word' id='word_1_267' title='bbox 1138 1154 1191 1192; x_wconf 91' lang='lat' dir='ltr'>qui</span> <span class='ocrx_word' id='word_1_268' title='bbox 1205 1159 1251 1183; x_wconf 92' lang='lat' dir='ltr'>est</span> <span class='ocrx_word' id='word_1_269' title='bbox 1266 1154 1346 1183; x_wconf 89' lang='lat' dir='ltr'>inter</span> <span class='ocrx_word' id='word_1_270' title='bbox 1362 1163 1395 1192; x_wconf 85' lang='lat'>25</span> <span class='ocrx_word' id='word_1_271' title='bbox 1412 1159 1442 1183; x_wconf 89' lang='lat' dir='ltr'>et</span> <span class='ocrx_word' id='word_1_272' title='bbox 1460 1164 1505 1190; x_wconf 87' lang='lat'>21,</span> <span class='ocrx_word' id='word_1_273' title='bbox 1520 1154 1651 1184; x_wconf 86' lang='lat' dir='ltr'>obtinet.</span> 
     </span>
     <span class='ocr_line' id='line_1_19' title="bbox 244 1203 1653 1243; baseline -0.001 -9"><span class='ocrx_word' id='word_1_274' title='bbox 244 1205 286 1234; x_wconf 91' lang='lat' dir='ltr'>Et</span> <span class='ocrx_word' id='word_1_275' title='bbox 307 1205 356 1234; x_wconf 92' lang='lat' dir='ltr'>hic</span> <span class='ocrx_word' id='word_1_276' title='bbox 377 1215 524 1234; x_wconf 92' lang='lat' dir='ltr'>numerus</span> <span class='ocrx_word' id='word_1_277' title='bbox 546 1209 592 1234; x_wconf 88' lang='lat' dir='ltr'>est</span> <span class='ocrx_word' id='word_1_278' title='bbox 614 1204 840 1243; x_wconf 87' lang='lat' dir='ltr'>quaternarius,</span> <span class='ocrx_word' id='word_1_279' title='bbox 863 1204 949 1233; x_wconf 89' lang='lat' dir='ltr'>cuius</span> <span class='ocrx_word' id='word_1_280' title='bbox 971 1203 1114 1233; x_wconf 79' lang='lat' dir='ltr'>videlicet</span> <span class='ocrx_word' id='word_1_281' title='bbox 1137 1204 1271 1233; x_wconf 86' lang='lat' dir='ltr'>radicem</span> <span class='ocrx_word' id='word_1_282' title='bbox 1293 1204 1354 1233; x_wconf 94' lang='lat' dir='ltr'>duo</span> <span class='ocrx_word' id='word_1_283' title='bbox 1377 1203 1549 1242; x_wconf 86' lang='lat' dir='ltr'>designant,</span> <span class='ocrx_word' id='word_1_284' title='bbox 1573 1214 1653 1242; x_wconf 89' lang='lat' dir='ltr'>quae</span> 
     </span>
     <span class='ocr_line' id='line_1_20' title="bbox 244 1253 1653 1293; baseline -0.001 -9"><span class='ocrx_word' id='word_1_285' title='bbox 244 1255 326 1284; x_wconf 92' lang='lat' dir='ltr'>latus</span> <span class='ocrx_word' id='word_1_286' title='bbox 340 1265 354 1284; x_wconf 86' lang='lat' dir='ltr'>e</span> <span class='ocrx_word' id='word_1_287' title='bbox 368 1265 382 1284; x_wconf 86' lang='lat' dir='ltr'>c</span> <span class='ocrx_word' id='word_1_288' title='bbox 397 1254 578 1293; x_wconf 86' lang='lat' dir='ltr'>adimplent.</span> <span class='ocrx_word' id='word_1_289' title='bbox 621 1255 690 1284; x_wconf 88' lang='lat' dir='ltr'>Hoc</span> <span class='ocrx_word' id='word_1_290' title='bbox 705 1259 810 1284; x_wconf 89' lang='lat' dir='ltr'>autem</span> <span class='ocrx_word' id='word_1_291' title='bbox 825 1254 906 1283; x_wconf 89' lang='lat' dir='ltr'>latus</span> <span class='ocrx_word' id='word_1_292' title='bbox 921 1254 1049 1292; x_wconf 91' lang='lat' dir='ltr'>aequale</span> <span class='ocrx_word' id='word_1_293' title='bbox 1064 1259 1110 1283; x_wconf 89' lang='lat' dir='ltr'>est</span> <span class='ocrx_word' id='word_1_294' title='bbox 1125 1253 1222 1283; x_wconf 89' lang='lat' dir='ltr'>lineae</span> <span class='ocrx_word' id='word_1_295' title='bbox 1236 1264 1250 1283; x_wconf 79' lang='grc' dir='ltr'><strong><em>ε</em></strong></span> <span class='ocrx_word' id='word_1_296' title='bbox 1265 1254 1290 1290; x_wconf 83' lang='lat' dir='ltr'>b,</span> <span class='ocrx_word' id='word_1_297' title='bbox 1306 1253 1453 1292; x_wconf 89' lang='lat' dir='ltr'>quoniam</span> <span class='ocrx_word' id='word_1_298' title='bbox 1467 1264 1481 1282; x_wconf 80' lang='lat' dir='ltr'>e</span> <span class='ocrx_word' id='word_1_299' title='bbox 1496 1264 1510 1282; x_wconf 86' lang='lat' dir='ltr'>c</span> <span class='ocrx_word' id='word_1_300' title='bbox 1524 1254 1653 1292; x_wconf 89' lang='lat' dir='ltr'>aequale</span> 
     </span>
     <span class='ocr_line' id='line_1_21' title="bbox 207 1303 1651 1343; baseline -0.001 -9"><span class='ocrx_word' id='word_1_301' title='bbox 207 1318 234 1333; x_wconf 85' lang='lat'>20</span> <span class='ocrx_word' id='word_1_302' title='bbox 245 1309 291 1334; x_wconf 87' lang='lat' dir='ltr'>est</span> <span class='ocrx_word' id='word_1_303' title='bbox 309 1305 328 1333; x_wconf 86' lang='lat' dir='ltr'>d</span> <span class='ocrx_word' id='word_1_304' title='bbox 346 1305 356 1334; x_wconf 81' lang='lat' dir='ltr'>l</span> <span class='ocrx_word' id='word_1_305' title='bbox 374 1304 472 1341; x_wconf 87' lang='lat' dir='ltr'>lateri,</span> <span class='ocrx_word' id='word_1_306' title='bbox 486 1314 556 1334; x_wconf 88' lang='lat' dir='ltr'>cum</span> <span class='ocrx_word' id='word_1_307' title='bbox 569 1305 635 1343; x_wconf 90' lang='lat' dir='ltr'>ipsa</span> <span class='ocrx_word' id='word_1_308' title='bbox 648 1304 678 1333; x_wconf 91' lang='lat' dir='ltr'>in</span> <span class='ocrx_word' id='word_1_309' title='bbox 692 1304 857 1333; x_wconf 86' lang='lat' dir='ltr'>latitudine</span> <span class='ocrx_word' id='word_1_310' title='bbox 869 1314 957 1333; x_wconf 89' lang='lat' dir='ltr'>areae</span> <span class='ocrx_word' id='word_1_311' title='bbox 969 1304 988 1333; x_wconf 87' lang='lat' dir='ltr'>d</span> <span class='ocrx_word' id='word_1_312' title='bbox 1003 1314 1017 1333; x_wconf 82' lang='lat' dir='ltr'>c</span> <span class='ocrx_word' id='word_1_313' title='bbox 1033 1304 1174 1342; x_wconf 86' lang='lat' dir='ltr'>aequalia</span> <span class='ocrx_word' id='word_1_314' title='bbox 1189 1304 1426 1342; x_wconf 86' lang='lat' dir='ltr'>protendantur.</span> <span class='ocrx_word' id='word_1_315' title='bbox 1470 1304 1538 1333; x_wconf 91' lang='lat' dir='ltr'>Iam</span> <span class='ocrx_word' id='word_1_316' title='bbox 1554 1303 1651 1333; x_wconf 90' lang='lat' dir='ltr'>mani-</span> 
     </span>
     <span class='ocr_line' id='line_1_22' title="bbox 244 1353 1650 1392; baseline -0.001 -9"><span class='ocrx_word' id='word_1_317' title='bbox 244 1354 359 1384; x_wconf 83' lang='lat' dir='ltr'>festum</span> <span class='ocrx_word' id='word_1_318' title='bbox 376 1359 432 1391; x_wconf 92' lang='lat' dir='ltr'>est,</span> <span class='ocrx_word' id='word_1_319' title='bbox 450 1354 597 1392; x_wconf 87' lang='lat' dir='ltr'>quoniam</span> <span class='ocrx_word' id='word_1_320' title='bbox 614 1355 633 1383; x_wconf 86' lang='lat' dir='ltr'>d</span> <span class='ocrx_word' id='word_1_321' title='bbox 649 1355 659 1384; x_wconf 79' lang='lat' dir='ltr'><em>l</em></span> <span class='ocrx_word' id='word_1_322' title='bbox 675 1354 811 1392; x_wconf 91' lang='lat' dir='ltr'>aequalis</span> <span class='ocrx_word' id='word_1_323' title='bbox 828 1359 874 1383; x_wconf 90' lang='lat' dir='ltr'>est</span> <span class='ocrx_word' id='word_1_324' title='bbox 892 1354 988 1383; x_wconf 91' lang='lat' dir='ltr'>lineae</span> <span class='ocrx_word' id='word_1_325' title='bbox 1005 1364 1018 1383; x_wconf 82' lang='grc' dir='ltr'><em>ε</em></span> <span class='ocrx_word' id='word_1_326' title='bbox 1035 1354 1060 1390; x_wconf 81' lang='lat' dir='ltr'>b,</span> <span class='ocrx_word' id='word_1_327' title='bbox 1079 1354 1204 1392; x_wconf 89' lang='lat' dir='ltr'>quando</span> <span class='ocrx_word' id='word_1_328' title='bbox 1220 1353 1314 1392; x_wconf 86' lang='lat' dir='ltr'>igitur</span> <span class='ocrx_word' id='word_1_329' title='bbox 1330 1364 1343 1382; x_wconf 85' lang='lat' dir='ltr'>e</span> <span class='ocrx_word' id='word_1_330' title='bbox 1360 1354 1375 1382; x_wconf 80' lang='lat' dir='ltr'><em>h</em></span> <span class='ocrx_word' id='word_1_331' title='bbox 1392 1363 1472 1391; x_wconf 90' lang='lat' dir='ltr'>quae</span> <span class='ocrx_word' id='word_1_332' title='bbox 1489 1358 1561 1382; x_wconf 89' lang='lat' dir='ltr'>sunt</span> <span class='ocrx_word' id='word_1_333' title='bbox 1578 1353 1650 1390; x_wconf 86' lang='lat' dir='ltr'>duo,</span> 
     </span>
     <span class='ocr_line' id='line_1_23' title="bbox 243 1403 1650 1442; baseline -0.001 -9"><span class='ocrx_word' id='word_1_334' title='bbox 243 1414 279 1433; x_wconf 83' lang='lat' dir='ltr'>ex</span> <span class='ocrx_word' id='word_1_335' title='bbox 294 1414 307 1433; x_wconf 79' lang='lat' dir='ltr'>e</span> <span class='ocrx_word' id='word_1_336' title='bbox 323 1404 351 1440; x_wconf 79' lang='lat' dir='ltr'>lt,</span> <span class='ocrx_word' id='word_1_337' title='bbox 368 1414 447 1442; x_wconf 87' lang='lat' dir='ltr'>quae</span> <span class='ocrx_word' id='word_1_338' title='bbox 462 1409 534 1433; x_wconf 90' lang='lat' dir='ltr'>sunt</span> <span class='ocrx_word' id='word_1_339' title='bbox 551 1404 689 1433; x_wconf 89' lang='lat' dir='ltr'>radicum</span> <span class='ocrx_word' id='word_1_340' title='bbox 706 1404 865 1441; x_wconf 82' lang='lat' dir='ltr'>medietas,</span> <span class='ocrx_word' id='word_1_341' title='bbox 882 1414 976 1442; x_wconf 89' lang='lat' dir='ltr'>quam</span> <span class='ocrx_word' id='word_1_342' title='bbox 992 1403 1150 1442; x_wconf 88' lang='lat' dir='ltr'>quinarius</span> <span class='ocrx_word' id='word_1_343' title='bbox 1166 1403 1301 1433; x_wconf 87' lang='lat' dir='ltr'>ostendit</span> <span class='ocrx_word' id='word_1_344' title='bbox 1318 1414 1473 1440; x_wconf 88' lang='lat' dir='ltr'>numerus,</span> <span class='ocrx_word' id='word_1_345' title='bbox 1489 1403 1650 1433; x_wconf 91' lang='lat' dir='ltr'>abstuleri-</span> 
     </span>
     <span class='ocr_line' id='line_1_24' title="bbox 243 1453 1650 1491; baseline -0.001 -8"><span class='ocrx_word' id='word_1_346' title='bbox 243 1464 321 1490; x_wconf 89' lang='lat' dir='ltr'>mus,</span> <span class='ocrx_word' id='word_1_347' title='bbox 336 1453 415 1483; x_wconf 89' lang='lat' dir='ltr'>linea</span> <span class='ocrx_word' id='word_1_348' title='bbox 428 1454 442 1483; x_wconf 79' lang='lat' dir='ltr'><em>h</em></span> <span class='ocrx_word' id='word_1_349' title='bbox 456 1454 473 1483; x_wconf 68' lang='lat' dir='ltr'>li</span> <span class='ocrx_word' id='word_1_350' title='bbox 486 1454 656 1483; x_wconf 87' lang='lat' dir='ltr'>ternarium</span> <span class='ocrx_word' id='word_1_351' title='bbox 671 1454 837 1483; x_wconf 89' lang='lat' dir='ltr'>ostendens</span> <span class='ocrx_word' id='word_1_352' title='bbox 854 1464 1016 1483; x_wconf 89' lang='lat' dir='ltr'>numerum</span> <span class='ocrx_word' id='word_1_353' title='bbox 1033 1453 1172 1483; x_wconf 79' lang='lat' dir='ltr'>restabit.</span> <span class='ocrx_word' id='word_1_354' title='bbox 1214 1453 1380 1483; x_wconf 90' lang='lat' dir='ltr'>Ternarius</span> <span class='ocrx_word' id='word_1_355' title='bbox 1395 1453 1489 1491; x_wconf 87' lang='lat' dir='ltr'>igitur</span> <span class='ocrx_word' id='word_1_356' title='bbox 1504 1463 1650 1482; x_wconf 90' lang='lat' dir='ltr'>numerus</span> 
     </span>
     <span class='ocr_line' id='line_1_25' title="bbox 243 1503 938 1542; baseline 0 -9"><span class='ocrx_word' id='word_1_357' title='bbox 243 1503 378 1533; x_wconf 89' lang='lat' dir='ltr'>radicem</span> <span class='ocrx_word' id='word_1_358' title='bbox 392 1504 510 1542; x_wconf 83' lang='lat' dir='ltr'>primae</span> <span class='ocrx_word' id='word_1_359' title='bbox 526 1504 719 1533; x_wconf 89' lang='lat' dir='ltr'>demonstrat</span> <span class='ocrx_word' id='word_1_360' title='bbox 735 1504 938 1533; x_wconf 86' lang='lat' dir='ltr'>substantiae.</span> 
     </span>
     <span class='ocr_line' id='line_1_26' title="bbox 206 1552 1650 1592; baseline -0.001 -9"><span class='ocrx_word' id='word_1_361' title='bbox 206 1569 231 1589; x_wconf 85' lang='lat'>25</span> <span class='ocrx_word' id='word_1_362' title='bbox 283 1553 374 1590; x_wconf 76' lang='lat' dir='ltr'>Quod</span> <span class='ocrx_word' id='word_1_363' title='bbox 387 1553 411 1583; x_wconf 90' lang='lat' dir='ltr'>si</span> <span class='ocrx_word' id='word_1_364' title='bbox 424 1554 531 1583; x_wconf 80' lang='lat' dir='ltr'>contra</span> <span class='ocrx_word' id='word_1_365' title='bbox 544 1554 656 1583; x_wconf 87' lang='lat' dir='ltr'>lineam</span> <span class='ocrx_word' id='word_1_366' title='bbox 668 1564 682 1583; x_wconf 81' lang='lat' dir='ltr'>e</span> <span class='ocrx_word' id='word_1_367' title='bbox 694 1564 708 1582; x_wconf 85' lang='lat' dir='ltr'>c</span> <span class='ocrx_word' id='word_1_368' title='bbox 720 1553 817 1583; x_wconf 84' lang='lat' dir='ltr'>lineae</span> <span class='ocrx_word' id='word_1_369' title='bbox 830 1564 843 1583; x_wconf 82' lang='lat' dir='ltr'>e</span> <span class='ocrx_word' id='word_1_370' title='bbox 856 1554 883 1590; x_wconf 74' lang='lat' dir='ltr'>lt,</span> <span class='ocrx_word' id='word_1_371' title='bbox 892 1564 971 1592; x_wconf 92' lang='lat' dir='ltr'>quae</span> <span class='ocrx_word' id='word_1_372' title='bbox 978 1553 1177 1583; x_wconf 86' lang='lat' dir='ltr'>medietatem</span> <span class='ocrx_word' id='word_1_373' title='bbox 1191 1553 1329 1582; x_wconf 88' lang='lat' dir='ltr'>radicum</span> <span class='ocrx_word' id='word_1_374' title='bbox 1341 1552 1650 1589; x_wconf 88' lang='lat' dir='ltr'>continet,addideri-</span> 
     </span>
     <span class='ocr_line' id='line_1_27' title="bbox 243 1602 1650 1641; baseline -0.001 -9"><span class='ocrx_word' id='word_1_375' title='bbox 243 1613 321 1639; x_wconf 92' lang='lat' dir='ltr'>mus,</span> <span class='ocrx_word' id='word_1_376' title='bbox 338 1603 520 1641; x_wconf 88' lang='lat' dir='ltr'>colligentur</span> <span class='ocrx_word' id='word_1_377' title='bbox 537 1612 562 1640; x_wconf 92' lang='lat'>7,</span> <span class='ocrx_word' id='word_1_378' title='bbox 580 1613 659 1641; x_wconf 91' lang='lat' dir='ltr'>quae</span> <span class='ocrx_word' id='word_1_379' title='bbox 674 1603 787 1633; x_wconf 86' lang='lat' dir='ltr'>lineam</span> <span class='ocrx_word' id='word_1_380' title='bbox 803 1614 822 1633; x_wconf 83' lang='lat' dir='ltr'>n</span> <span class='ocrx_word' id='word_1_381' title='bbox 838 1604 856 1633; x_wconf 76' lang='lat' dir='ltr'><em>h</em></span> <span class='ocrx_word' id='word_1_382' title='bbox 872 1603 1050 1633; x_wconf 88' lang='lat' dir='ltr'>ostendunt.</span> <span class='ocrx_word' id='word_1_383' title='bbox 1094 1604 1135 1632; x_wconf 91' lang='lat' dir='ltr'>Et</span> <span class='ocrx_word' id='word_1_384' title='bbox 1152 1607 1226 1632; x_wconf 89' lang='lat' dir='ltr'>tunc</span> <span class='ocrx_word' id='word_1_385' title='bbox 1242 1603 1327 1632; x_wconf 74' lang='lat' dir='ltr'>radix</span> <span class='ocrx_word' id='word_1_386' title='bbox 1343 1602 1537 1632; x_wconf 88' lang='lat' dir='ltr'>substantiae</span> <span class='ocrx_word' id='word_1_387' title='bbox 1552 1602 1650 1632; x_wconf 91' lang='lat' dir='ltr'>maior</span> 
     </span>
    </p>
   </div>
   <div class='ocr_carea' id='block_1_3' title="bbox 239 1706 1649 2557">
    <p class='ocr_par' dir='ltr' id='par_1_3' title="bbox 242 1706 1649 1771">
     <span class='ocr_line' id='line_1_28' title="bbox 282 1706 1649 1735; baseline -0.001 -5"><span class='ocrx_word' id='word_1_388' title='bbox 282 1714 301 1729; x_wconf 90' lang='lat'>1.</span> <span class='ocrx_word' id='word_1_389' title='bbox 320 1708 400 1730; x_wconf 89' lang='lat' dir='ltr'>uincit.</span> <span class='ocrx_word' id='word_1_390' title='bbox 463 1716 474 1730; x_wconf 86' lang='lat' dir='ltr'>e</span> <span class='ocrx_word' id='word_1_391' title='bbox 491 1711 515 1730; x_wconf 88' lang='lat' dir='ltr'>et</span> <span class='ocrx_word' id='word_1_392' title='bbox 532 1715 546 1730; x_wconf 92' lang='lat' dir='ltr'><em>n</em></span> <span class='ocrx_word' id='word_1_393' title='bbox 565 1715 585 1730; x_wconf 88' lang='lat' dir='ltr'>m</span> <span class='ocrx_word' id='word_1_394' title='bbox 603 1715 614 1730; x_wconf 80' lang='lat' dir='ltr'><em>c</em></span> <span class='ocrx_word' id='word_1_395' title='bbox 631 1708 745 1730; x_wconf 78' lang='lat' dir='ltr'>faciamus</span> <span class='ocrx_word' id='word_1_396' title='bbox 760 1712 799 1735; x_wconf 78' lang='lat' dir='ltr'>pro</span> <span class='ocrx_word' id='word_1_397' title='bbox 814 1716 825 1730; x_wconf 80' lang='grc' dir='ltr'><em>ε</em></span> <span class='ocrx_word' id='word_1_398' title='bbox 842 1716 855 1730; x_wconf 84' lang='lat' dir='ltr'>n</span> <span class='ocrx_word' id='word_1_399' title='bbox 871 1716 890 1730; x_wconf 88' lang='lat' dir='ltr'>m</span> <span class='ocrx_word' id='word_1_400' title='bbox 908 1716 918 1730; x_wconf 84' lang='lat' dir='ltr'><em>c</em></span> <span class='ocrx_word' id='word_1_401' title='bbox 970 1711 995 1730; x_wconf 83' lang='lat' dir='ltr'>te</span> <span class='ocrx_word' id='word_1_402' title='bbox 1007 1711 1029 1730; x_wconf 84' lang='lat' dir='ltr'>et</span> <span class='ocrx_word' id='word_1_403' title='bbox 1041 1715 1052 1730; x_wconf 85' lang='lat' dir='ltr'>e</span> <span class='ocrx_word' id='word_1_404' title='bbox 1063 1708 1074 1730; x_wconf 76' lang='lat' dir='ltr'>l&gt;</span> <span class='ocrx_word' id='word_1_405' title='bbox 1089 1708 1225 1730; x_wconf 84' lang='lat' dir='ltr'>circundant</span> <span class='ocrx_word' id='word_1_406' title='bbox 1242 1715 1285 1729; x_wconf 79' lang='lat' dir='ltr'>om.</span> <span class='ocrx_word' id='word_1_407' title='bbox 1301 1707 1333 1733; x_wconf 88' lang='lat' dir='ltr'>V;</span> <span class='ocrx_word' id='word_1_408' title='bbox 1353 1714 1406 1729; x_wconf 80' lang='lat' dir='ltr'>area</span> <span class='ocrx_word' id='word_1_409' title='bbox 1419 1707 1489 1733; x_wconf 84' lang='lat' dir='ltr'>igitur</span> <span class='ocrx_word' id='word_1_410' title='bbox 1505 1714 1576 1734; x_wconf 83' lang='lat' dir='ltr'>quam</span> <span class='ocrx_word' id='word_1_411' title='bbox 1590 1706 1649 1729; x_wconf 87' lang='lat' dir='ltr'>linee</span> 
     </span>
     <span class='ocr_line' id='line_1_29' title="bbox 242 1745 1246 1771; baseline 0.001 -5"><span class='ocrx_word' id='word_1_412' title='bbox 242 1751 365 1771; x_wconf 84' lang='lat' dir='ltr'>ponamus.</span> <span class='ocrx_word' id='word_1_413' title='bbox 969 1748 975 1767; x_wconf 82' lang='lat' dir='ltr'>l</span> <span class='ocrx_word' id='word_1_414' title='bbox 986 1753 1003 1771; x_wconf 82' lang='lat' dir='ltr'>e,</span> <span class='ocrx_word' id='word_1_415' title='bbox 1015 1753 1025 1767; x_wconf 75' lang='lat' dir='ltr'>e</span> <span class='ocrx_word' id='word_1_416' title='bbox 1035 1753 1048 1767; x_wconf 90' lang='grc' dir='ltr'><em>α</em></span> <span class='ocrx_word' id='word_1_417' title='bbox 1059 1745 1205 1767; x_wconf 85' lang='lat' dir='ltr'>circumdant</span> <span class='ocrx_word' id='word_1_418' title='bbox 1216 1745 1246 1767; x_wconf 92' lang='lat' dir='ltr'>D.</span> 
     </span>
    </p>

    <p class='ocr_par' dir='ltr' id='par_1_4' title="bbox 242 1781 1647 1846">
     <span class='ocr_line' id='line_1_30' title="bbox 281 1781 1647 1810; baseline -0.001 -6"><span class='ocrx_word' id='word_1_419' title='bbox 281 1789 301 1803; x_wconf 91' lang='lat'>2.</span> <span class='ocrx_word' id='word_1_420' title='bbox 320 1782 364 1804; x_wconf 86' lang='lat' dir='ltr'>Sed</span> <span class='ocrx_word' id='word_1_421' title='bbox 383 1786 423 1809; x_wconf 80' lang='lat' dir='ltr'>pro</span> <span class='ocrx_word' id='word_1_422' title='bbox 439 1782 514 1805; x_wconf 88' lang='lat' dir='ltr'>Vnde.</span> <span class='ocrx_word' id='word_1_423' title='bbox 578 1783 729 1804; x_wconf 81' lang='lat' dir='ltr'>manifestum</span> <span class='ocrx_word' id='word_1_424' title='bbox 746 1787 788 1808; x_wconf 83' lang='lat' dir='ltr'>est,</span> <span class='ocrx_word' id='word_1_425' title='bbox 805 1790 877 1810; x_wconf 83' lang='lat' dir='ltr'>quam</span> <span class='ocrx_word' id='word_1_426' title='bbox 894 1786 917 1805; x_wconf 90' lang='lat' dir='ltr'>et</span> <span class='ocrx_word' id='word_1_427' title='bbox 1009 1789 1043 1809; x_wconf 85' lang='lat'>13.</span> <span class='ocrx_word' id='word_1_428' title='bbox 1061 1782 1241 1809; x_wconf 86' lang='lat' dir='ltr'>comprehensae</span> <span class='ocrx_word' id='word_1_429' title='bbox 1253 1782 1295 1804; x_wconf 92' lang='lat' dir='ltr'>sub</span> <span class='ocrx_word' id='word_1_430' title='bbox 1314 1800 1318 1804; x_wconf 90' lang='lat'>.</span> <span class='ocrx_word' id='word_1_431' title='bbox 1337 1800 1341 1804; x_wconf 99' lang='lat'>.</span> <span class='ocrx_word' id='word_1_432' title='bbox 1361 1800 1365 1803; x_wconf 91' lang='lat'>.</span> <span class='ocrx_word' id='word_1_433' title='bbox 1382 1781 1486 1808; x_wconf 80' lang='lat' dir='ltr'>aequalis</span> <span class='ocrx_word' id='word_1_434' title='bbox 1500 1781 1543 1803; x_wconf 89' lang='lat' dir='ltr'>erit</span> <span class='ocrx_word' id='word_1_435' title='bbox 1558 1789 1601 1803; x_wconf 88' lang='lat' dir='ltr'>om.</span> <span class='ocrx_word' id='word_1_436' title='bbox 1613 1781 1647 1807; x_wconf 89' lang='lat' dir='ltr'>V;</span> 
     </span>
     <span class='ocr_line' id='line_1_31' title="bbox 242 1818 1644 1846; baseline -0.001 -5"><span class='ocrx_word' id='word_1_437' title='bbox 242 1819 302 1841; x_wconf 86' lang='lat' dir='ltr'>linea</span> <span class='ocrx_word' id='word_1_438' title='bbox 314 1827 324 1841; x_wconf 81' lang='lat' dir='ltr'><em>c</em></span> <span class='ocrx_word' id='word_1_439' title='bbox 335 1823 343 1841; x_wconf 78' lang='lat' dir='ltr'>t</span> <span class='ocrx_word' id='word_1_440' title='bbox 355 1819 442 1841; x_wconf 48' lang='lat' dir='ltr'>similis.</span> <span class='ocrx_word' id='word_1_441' title='bbox 505 1827 560 1841; x_wconf 89' lang='lat' dir='ltr'>nam</span> <span class='ocrx_word' id='word_1_442' title='bbox 574 1821 598 1844; x_wconf 71' lang='lat' dir='ltr'>-l-</span> <span class='ocrx_word' id='word_1_443' title='bbox 610 1824 640 1841; x_wconf 84' lang='lat' dir='ltr'>et.</span> <span class='ocrx_word' id='word_1_444' title='bbox 970 1819 1050 1842; x_wconf 90' lang='lat' dir='ltr'>similis</span> <span class='ocrx_word' id='word_1_445' title='bbox 1066 1824 1100 1842; x_wconf 87' lang='lat' dir='ltr'>est</span> <span class='ocrx_word' id='word_1_446' title='bbox 1117 1827 1169 1842; x_wconf 87' lang='lat' dir='ltr'>aree</span> <span class='ocrx_word' id='word_1_447' title='bbox 1185 1827 1256 1846; x_wconf 86' lang='lat' dir='ltr'>quam</span> <span class='ocrx_word' id='word_1_448' title='bbox 1269 1819 1327 1841; x_wconf 90' lang='lat' dir='ltr'>linee</span> <span class='ocrx_word' id='word_1_449' title='bbox 1340 1827 1359 1841; x_wconf 89' lang='lat' dir='ltr'>m</span> <span class='ocrx_word' id='word_1_450' title='bbox 1371 1819 1386 1843; x_wconf 81' lang='lat' dir='ltr'>l.</span> <span class='ocrx_word' id='word_1_451' title='bbox 1398 1819 1406 1841; x_wconf 85' lang='lat' dir='ltr'>l</span> <span class='ocrx_word' id='word_1_452' title='bbox 1417 1819 1431 1841; x_wconf 84' lang='lat' dir='ltr'>d</span> <span class='ocrx_word' id='word_1_453' title='bbox 1447 1818 1601 1842; x_wconf 70' lang='lat' dir='ltr'>circumdant,</span> <span class='ocrx_word' id='word_1_454' title='bbox 1614 1819 1644 1841; x_wconf 92' lang='lat' dir='ltr'>D.</span> 
     </span>
    </p>

    <p class='ocr_par' dir='ltr' id='par_1_5' title="bbox 279 1856 1528 1884">
     <span class='ocr_line' id='line_1_32' title="bbox 279 1856 1528 1884; baseline 0 -6"><span class='ocrx_word' id='word_1_455' title='bbox 279 1864 301 1883; x_wconf 83' lang='lat'>3.</span> <span class='ocrx_word' id='word_1_456' title='bbox 319 1856 401 1878; x_wconf 88' lang='lat' dir='ltr'>similis</span> <span class='ocrx_word' id='word_1_457' title='bbox 412 1860 454 1879; x_wconf 88' lang='lat' dir='ltr'>est.</span> <span class='ocrx_word' id='word_1_458' title='bbox 517 1857 629 1883; x_wconf 82' lang='lat' dir='ltr'>quoniam</span> <span class='ocrx_word' id='word_1_459' title='bbox 641 1860 665 1879; x_wconf 86' lang='lat' dir='ltr'>et</span> <span class='ocrx_word' id='word_1_460' title='bbox 677 1860 716 1883; x_wconf 79' lang='lat' dir='ltr'>pro</span> <span class='ocrx_word' id='word_1_461' title='bbox 728 1857 791 1884; x_wconf 82' lang='lat' dir='ltr'>quia.</span> <span class='ocrx_word' id='word_1_462' title='bbox 1009 1864 1043 1884; x_wconf 83' lang='lat'>14.</span> <span class='ocrx_word' id='word_1_463' title='bbox 1060 1861 1067 1879; x_wconf 82' lang='lat' dir='ltr'>t</span> <span class='ocrx_word' id='word_1_464' title='bbox 1079 1864 1092 1879; x_wconf 84' lang='grc' dir='ltr'><em>α</em></span> <span class='ocrx_word' id='word_1_465' title='bbox 1104 1860 1143 1884; x_wconf 81' lang='lat' dir='ltr'>pro</span> <span class='ocrx_word' id='word_1_466' title='bbox 1155 1861 1162 1879; x_wconf 83' lang='grc' dir='ltr'><em>ι</em></span> <span class='ocrx_word' id='word_1_467' title='bbox 1174 1857 1193 1879; x_wconf 87' lang='lat' dir='ltr'>b.</span> <span class='ocrx_word' id='word_1_468' title='bbox 1256 1864 1309 1879; x_wconf 84' lang='lat' dir='ltr'>area</span> <span class='ocrx_word' id='word_1_469' title='bbox 1325 1860 1364 1883; x_wconf 77' lang='lat' dir='ltr'>pro</span> <span class='ocrx_word' id='word_1_470' title='bbox 1377 1856 1528 1883; x_wconf 84' lang='lat' dir='ltr'>quadratum.</span> 
     </span>
    </p>

    <p class='ocr_par' dir='ltr' id='par_1_6' title="bbox 242 1893 1642 1957">
     <span class='ocr_line' id='line_1_33' title="bbox 279 1893 1642 1921; baseline -0.001 -5"><span class='ocrx_word' id='word_1_471' title='bbox 279 1901 301 1921; x_wconf 74' lang='grc'>4,</span> <span class='ocrx_word' id='word_1_472' title='bbox 318 1894 403 1916; x_wconf 88' lang='lat' dir='ltr'>diuisio</span> <span class='ocrx_word' id='word_1_473' title='bbox 424 1898 464 1921; x_wconf 81' lang='lat' dir='ltr'>pro</span> <span class='ocrx_word' id='word_1_474' title='bbox 485 1893 601 1916; x_wconf 78' lang='lat' dir='ltr'>dimensio</span> <span class='ocrx_word' id='word_1_475' title='bbox 621 1895 709 1921; x_wconf 75' lang='lat' dir='ltr'>ubique.</span> <span class='ocrx_word' id='word_1_476' title='bbox 784 1894 917 1921; x_wconf 82' lang='lat' dir='ltr'>aequalium</span> <span class='ocrx_word' id='word_1_477' title='bbox 1008 1901 1043 1921; x_wconf 82' lang='lat'>15.</span> <span class='ocrx_word' id='word_1_478' title='bbox 1061 1894 1188 1916; x_wconf 84' lang='lat' dir='ltr'>contineat.</span> <span class='ocrx_word' id='word_1_479' title='bbox 1251 1902 1305 1916; x_wconf 75' lang='lat' dir='ltr'>area</span> <span class='ocrx_word' id='word_1_480' title='bbox 1339 1897 1378 1921; x_wconf 79' lang='lat' dir='ltr'>pro</span> <span class='ocrx_word' id='word_1_481' title='bbox 1409 1893 1491 1916; x_wconf 84' lang='lat' dir='ltr'>eodem</span> <span class='ocrx_word' id='word_1_482' title='bbox 1517 1893 1642 1920; x_wconf 84' lang='lat' dir='ltr'>quadrato.</span> 
     </span>
     <span class='ocr_line' id='line_1_34' title="bbox 242 1932 1329 1957; baseline 0 -4"><span class='ocrx_word' id='word_1_483' title='bbox 242 1948 247 1953; x_wconf 89' lang='lat'>.</span> <span class='ocrx_word' id='word_1_484' title='bbox 266 1949 271 1953; x_wconf 99' lang='lat'>.</span> <span class='ocrx_word' id='word_1_485' title='bbox 290 1949 294 1953; x_wconf 94' lang='lat'>.</span> <span class='ocrx_word' id='word_1_486' title='bbox 312 1932 375 1953; x_wconf 79' lang='lat' dir='ltr'>iacta</span> <span class='ocrx_word' id='word_1_487' title='bbox 387 1939 429 1953; x_wconf 84' lang='lat' dir='ltr'>om.</span> <span class='ocrx_word' id='word_1_488' title='bbox 969 1939 1034 1954; x_wconf 83' lang='lat' dir='ltr'>areas</span> <span class='ocrx_word' id='word_1_489' title='bbox 1047 1933 1070 1957; x_wconf 68' lang='lat' dir='ltr'>-l-</span> <span class='ocrx_word' id='word_1_490' title='bbox 1083 1939 1148 1953; x_wconf 83' lang='lat' dir='ltr'>areas</span> <span class='ocrx_word' id='word_1_491' title='bbox 1159 1932 1189 1953; x_wconf 97' lang='lat' dir='ltr'>D.</span> <span class='ocrx_word' id='word_1_492' title='bbox 1253 1935 1275 1953; x_wconf 83' lang='lat' dir='ltr'>et</span> <span class='ocrx_word' id='word_1_493' title='bbox 1287 1939 1329 1953; x_wconf 82' lang='lat' dir='ltr'>om.</span> 
     </span>
    </p>

    <p class='ocr_par' dir='ltr' id='par_1_7' title="bbox 241 1968 1644 2033">
     <span class='ocr_line' id='line_1_35' title="bbox 278 1968 1644 1996; baseline -0.001 -5"><span class='ocrx_word' id='word_1_494' title='bbox 278 1975 299 1996; x_wconf 83' lang='grc'>5.</span> <span class='ocrx_word' id='word_1_495' title='bbox 317 1969 377 1991; x_wconf 86' lang='lat' dir='ltr'>linea</span> <span class='ocrx_word' id='word_1_496' title='bbox 392 1970 416 1994; x_wconf 71' lang='lat'>-4-</span> <span class='ocrx_word' id='word_1_497' title='bbox 429 1969 500 1996; x_wconf 84' lang='lat' dir='ltr'>igitur</span> <span class='ocrx_word' id='word_1_498' title='bbox 515 1969 548 1994; x_wconf 85' lang='lat' dir='ltr'>V:</span> <span class='ocrx_word' id='word_1_499' title='bbox 560 1971 582 1993; x_wconf 51' lang='grc' dir='ltr'>ἦ-</span> <span class='ocrx_word' id='word_1_500' title='bbox 595 1976 648 1995; x_wconf 84' lang='lat' dir='ltr'>ergo</span> <span class='ocrx_word' id='word_1_501' title='bbox 665 1969 695 1991; x_wconf 94' lang='lat' dir='ltr'>D.</span> <span class='ocrx_word' id='word_1_502' title='bbox 774 1973 847 1991; x_wconf 86' lang='lat' dir='ltr'>restat</span> <span class='ocrx_word' id='word_1_503' title='bbox 864 1977 916 1991; x_wconf 86' lang='lat' dir='ltr'>con-</span> <span class='ocrx_word' id='word_1_504' title='bbox 1008 1970 1043 1991; x_wconf 68' lang='lat'>16.</span> <span class='ocrx_word' id='word_1_505' title='bbox 1059 1977 1070 1991; x_wconf 80' lang='lat' dir='ltr'>e</span> <span class='ocrx_word' id='word_1_506' title='bbox 1083 1973 1098 1995; x_wconf 78' lang='lat' dir='ltr'>I,</span> <span class='ocrx_word' id='word_1_507' title='bbox 1122 1977 1133 1991; x_wconf 86' lang='lat' dir='ltr'>c</span> <span class='ocrx_word' id='word_1_508' title='bbox 1147 1977 1159 1995; x_wconf 82' lang='lat' dir='ltr'><em>g</em></span> <span class='ocrx_word' id='word_1_509' title='bbox 1186 1976 1210 1990; x_wconf 87' lang='lat'>21</span> <span class='ocrx_word' id='word_1_510' title='bbox 1235 1969 1266 1995; x_wconf 86' lang='lat' dir='ltr'>V;</span> <span class='ocrx_word' id='word_1_511' title='bbox 1294 1976 1307 1990; x_wconf 90' lang='grc' dir='ltr'><em>α</em></span> <span class='ocrx_word' id='word_1_512' title='bbox 1323 1972 1337 1994; x_wconf 84' lang='lat' dir='ltr'>l,</span> <span class='ocrx_word' id='word_1_513' title='bbox 1363 1977 1373 1991; x_wconf 72' lang='lat' dir='ltr'>c·</span> <span class='ocrx_word' id='word_1_514' title='bbox 1389 1976 1401 1995; x_wconf 85' lang='lat' dir='ltr'><strong><em>g</em></strong></span> <span class='ocrx_word' id='word_1_515' title='bbox 1424 1976 1451 1990; x_wconf 87' lang='lat'>20</span> <span class='ocrx_word' id='word_1_516' title='bbox 1472 1972 1495 1990; x_wconf 88' lang='lat' dir='ltr'>et</span> <span class='ocrx_word' id='word_1_517' title='bbox 1518 1975 1590 1990; x_wconf 89' lang='lat' dir='ltr'>unum</span> <span class='ocrx_word' id='word_1_518' title='bbox 1614 1968 1644 1991; x_wconf 95' lang='lat' dir='ltr'>D.</span> 
     </span>
     <span class='ocr_line' id='line_1_36' title="bbox 241 2006 1282 2033; baseline 0 -5"><span class='ocrx_word' id='word_1_519' title='bbox 241 2006 329 2028; x_wconf 71' lang='lat' dir='ltr'>similis</span> <span class='ocrx_word' id='word_1_520' title='bbox 393 2006 456 2033; x_wconf 84' lang='lat' dir='ltr'>quod</span> <span class='ocrx_word' id='word_1_521' title='bbox 469 2010 502 2028; x_wconf 88' lang='lat' dir='ltr'>est</span> <span class='ocrx_word' id='word_1_522' title='bbox 515 2006 648 2028; x_wconf 88' lang='lat' dir='ltr'>notandum</span> <span class='ocrx_word' id='word_1_523' title='bbox 660 2014 703 2028; x_wconf 38' lang='lat' dir='ltr'>omi</span> <span class='ocrx_word' id='word_1_524' title='bbox 969 2006 1099 2029; x_wconf 87' lang='lat' dir='ltr'>consimiles</span> <span class='ocrx_word' id='word_1_525' title='bbox 1108 2007 1140 2032; x_wconf 90' lang='lat' dir='ltr'>V;</span> <span class='ocrx_word' id='word_1_526' title='bbox 1158 2006 1244 2028; x_wconf 80' lang='lat' dir='ltr'>similes</span> <span class='ocrx_word' id='word_1_527' title='bbox 1253 2007 1282 2028; x_wconf 89' lang='lat' dir='ltr'>D.</span> 
     </span>
    </p>

    <p class='ocr_par' dir='ltr' id='par_1_8' title="bbox 240 2043 1642 2145">
     <span class='ocr_line' id='line_1_37' title="bbox 276 2043 1565 2070; baseline 0.001 -5"><span class='ocrx_word' id='word_1_528' title='bbox 276 2045 297 2065; x_wconf 81' lang='lat'>6.</span> <span class='ocrx_word' id='word_1_529' title='bbox 315 2044 345 2066; x_wconf 85' lang='lat' dir='ltr'>Et</span> <span class='ocrx_word' id='word_1_530' title='bbox 363 2044 410 2065; x_wconf 84' lang='lat' dir='ltr'>iam</span> <span class='ocrx_word' id='word_1_531' title='bbox 427 2044 500 2065; x_wconf 81' lang='lat' dir='ltr'>eciam</span> <span class='ocrx_word' id='word_1_532' title='bbox 514 2047 553 2070; x_wconf 81' lang='lat' dir='ltr'>pro</span> <span class='ocrx_word' id='word_1_533' title='bbox 566 2044 662 2065; x_wconf 81' lang='lat' dir='ltr'>Rursus.</span> <span class='ocrx_word' id='word_1_534' title='bbox 726 2044 838 2070; x_wconf 84' lang='lat' dir='ltr'>quoniam</span> <span class='ocrx_word' id='word_1_535' title='bbox 851 2045 874 2069; x_wconf 82' lang='lat'>—†-</span> <span class='ocrx_word' id='word_1_536' title='bbox 884 2047 916 2066; x_wconf 71' lang='lat' dir='ltr'>et,</span> <span class='ocrx_word' id='word_1_537' title='bbox 1007 2050 1040 2070; x_wconf 82' lang='lat'>17.</span> <span class='ocrx_word' id='word_1_538' title='bbox 1059 2044 1235 2066; x_wconf 80' lang='lat' dir='ltr'>similitudinem</span> <span class='ocrx_word' id='word_1_539' title='bbox 1248 2047 1288 2070; x_wconf 78' lang='lat' dir='ltr'>pro</span> <span class='ocrx_word' id='word_1_540' title='bbox 1298 2043 1366 2065; x_wconf 88' lang='lat' dir='ltr'>simul</span> <span class='ocrx_word' id='word_1_541' title='bbox 1378 2044 1405 2065; x_wconf 91' lang='lat' dir='ltr'>V.</span> <span class='ocrx_word' id='word_1_542' title='bbox 1468 2043 1565 2066; x_wconf 81' lang='lat' dir='ltr'>numeri.</span> 
     </span>
     <span class='ocr_line' id='line_1_38' title="bbox 241 2080 1642 2108; baseline -0.001 -5"><span class='ocrx_word' id='word_1_543' title='bbox 241 2081 322 2103; x_wconf 85' lang='lat' dir='ltr'>similis</span> <span class='ocrx_word' id='word_1_544' title='bbox 335 2081 365 2103; x_wconf 85' lang='lat' dir='ltr'>sit</span> <span class='ocrx_word' id='word_1_545' title='bbox 381 2084 400 2103; x_wconf 81' lang='lat' dir='ltr'>et</span> <span class='ocrx_word' id='word_1_546' title='bbox 415 2082 447 2103; x_wconf 77' lang='lat' dir='ltr'>sic</span> <span class='ocrx_word' id='word_1_547' title='bbox 463 2082 563 2107; x_wconf 72' lang='lat' dir='ltr'>saepius.</span> <span class='ocrx_word' id='word_1_548' title='bbox 626 2081 638 2103; x_wconf 85' lang='lat' dir='ltr'><em>b</em></span> <span class='ocrx_word' id='word_1_549' title='bbox 649 2081 663 2103; x_wconf 78' lang='lat' dir='ltr'><strong><em>h</em></strong></span> <span class='ocrx_word' id='word_1_550' title='bbox 674 2085 714 2108; x_wconf 81' lang='lat' dir='ltr'>pro</span> <span class='ocrx_word' id='word_1_551' title='bbox 725 2089 737 2102; x_wconf 90' lang='grc' dir='ltr'><em>α</em></span> <span class='ocrx_word' id='word_1_552' title='bbox 750 2081 763 2103; x_wconf 86' lang='lat' dir='ltr'><em>h</em></span> <span class='ocrx_word' id='word_1_553' title='bbox 774 2085 792 2103; x_wconf 81' lang='lat' dir='ltr'>cl</span> <span class='ocrx_word' id='word_1_554' title='bbox 803 2082 835 2103; x_wconf 83' lang='lat' dir='ltr'>sic</span> <span class='ocrx_word' id='word_1_555' title='bbox 847 2081 916 2108; x_wconf 80' lang='lat' dir='ltr'>infra.</span> <span class='ocrx_word' id='word_1_556' title='bbox 1007 2089 1040 2108; x_wconf 82' lang='lat'>19.</span> <span class='ocrx_word' id='word_1_557' title='bbox 1058 2085 1080 2103; x_wconf 91' lang='lat' dir='ltr'>et</span> <span class='ocrx_word' id='word_1_558' title='bbox 1097 2081 1140 2103; x_wconf 88' lang='lat' dir='ltr'>hoc</span> <span class='ocrx_word' id='word_1_559' title='bbox 1158 2081 1204 2107; x_wconf 86' lang='lat' dir='ltr'>(hic</span> <span class='ocrx_word' id='word_1_560' title='bbox 1220 2081 1262 2105; x_wconf 83' lang='lat' dir='ltr'>D).</span> <span class='ocrx_word' id='word_1_561' title='bbox 1326 2085 1405 2103; x_wconf 86' lang='lat' dir='ltr'>autem</span> <span class='ocrx_word' id='word_1_562' title='bbox 1419 2088 1462 2102; x_wconf 84' lang='lat' dir='ltr'>om.</span> <span class='ocrx_word' id='word_1_563' title='bbox 1523 2080 1597 2102; x_wconf 85' lang='lat' dir='ltr'>simile</span> <span class='ocrx_word' id='word_1_564' title='bbox 1608 2083 1642 2102; x_wconf 88' lang='lat' dir='ltr'>est</span> 
     </span>
     <span class='ocr_line' id='line_1_39' title="bbox 240 2117 1642 2145; baseline -0.001 -5"><span class='ocrx_word' id='word_1_565' title='bbox 240 2119 353 2145; x_wconf 85' lang='lat' dir='ltr'>quoniam</span> <span class='ocrx_word' id='word_1_566' title='bbox 364 2122 404 2145; x_wconf 80' lang='lat' dir='ltr'>pro</span> <span class='ocrx_word' id='word_1_567' title='bbox 416 2126 476 2140; x_wconf 48' lang='lat' dir='ltr'>cum.</span> <span class='ocrx_word' id='word_1_568' title='bbox 540 2119 604 2145; x_wconf 85' lang='lat' dir='ltr'>ipsae</span> <span class='ocrx_word' id='word_1_569' title='bbox 617 2119 641 2143; x_wconf 74' lang='lat' dir='ltr'>-l-</span> <span class='ocrx_word' id='word_1_570' title='bbox 653 2122 687 2140; x_wconf 87' lang='lat' dir='ltr'>est</span> <span class='ocrx_word' id='word_1_571' title='bbox 699 2119 725 2140; x_wconf 96' lang='lat' dir='ltr'>V.</span> <span class='ocrx_word' id='word_1_572' title='bbox 968 2127 978 2141; x_wconf 82' lang='grc' dir='ltr'><em>ε</em></span> <span class='ocrx_word' id='word_1_573' title='bbox 992 2127 1005 2140; x_wconf 85' lang='grc' dir='ltr'><em>α</em></span> <span class='ocrx_word' id='word_1_574' title='bbox 1019 2119 1051 2145; x_wconf 83' lang='lat' dir='ltr'>V;</span> <span class='ocrx_word' id='word_1_575' title='bbox 1072 2119 1152 2140; x_wconf 90' lang='lat' dir='ltr'>similis</span> <span class='ocrx_word' id='word_1_576' title='bbox 1167 2122 1202 2140; x_wconf 90' lang='lat' dir='ltr'>est</span> <span class='ocrx_word' id='word_1_577' title='bbox 1216 2126 1226 2140; x_wconf 81' lang='lat' dir='ltr'>c</span> <span class='ocrx_word' id='word_1_578' title='bbox 1240 2126 1253 2140; x_wconf 82' lang='lat' dir='ltr'>a</span> <span class='ocrx_word' id='word_1_579' title='bbox 1268 2118 1289 2140; x_wconf 94' lang='lat' dir='ltr'>D</span> <span class='ocrx_word' id='word_1_580' title='bbox 1304 2122 1344 2144; x_wconf 77' lang='lat' dir='ltr'>pro</span> <span class='ocrx_word' id='word_1_581' title='bbox 1358 2117 1454 2145; x_wconf 83' lang='lat' dir='ltr'>aequale</span> <span class='ocrx_word' id='word_1_582' title='bbox 1467 2121 1501 2140; x_wconf 80' lang='lat' dir='ltr'>est</span> <span class='ocrx_word' id='word_1_583' title='bbox 1514 2118 1588 2140; x_wconf 85' lang='lat' dir='ltr'>lineae</span> <span class='ocrx_word' id='word_1_584' title='bbox 1600 2125 1610 2139; x_wconf 81' lang='lat' dir='ltr'>e</span> <span class='ocrx_word' id='word_1_585' title='bbox 1622 2117 1642 2139; x_wconf 84' lang='lat' dir='ltr'>b.</span> 
     </span>
    </p>

    <p class='ocr_par' dir='ltr' id='par_1_9' title="bbox 239 2155 1641 2296">
     <span class='ocr_line' id='line_1_40' title="bbox 278 2155 1224 2183; baseline 0.001 -6"><span class='ocrx_word' id='word_1_586' title='bbox 278 2156 300 2177; x_wconf 80' lang='lat'>8.</span> <span class='ocrx_word' id='word_1_587' title='bbox 317 2156 332 2177; x_wconf 84' lang='lat' dir='ltr'>d</span> <span class='ocrx_word' id='word_1_588' title='bbox 343 2164 353 2177; x_wconf 79' lang='lat' dir='ltr'>e</span> <span class='ocrx_word' id='word_1_589' title='bbox 365 2156 398 2182; x_wconf 81' lang='lat' dir='ltr'>V;</span> <span class='ocrx_word' id='word_1_590' title='bbox 413 2164 425 2182; x_wconf 81' lang='lat' dir='ltr'>g</span> <span class='ocrx_word' id='word_1_591' title='bbox 434 2156 448 2178; x_wconf 77' lang='lat' dir='ltr'>d</span> <span class='ocrx_word' id='word_1_592' title='bbox 458 2156 479 2177; x_wconf 94' lang='lat' dir='ltr'>D</span> <span class='ocrx_word' id='word_1_593' title='bbox 490 2156 553 2182; x_wconf 84' lang='lat' dir='ltr'>proh</span> <span class='ocrx_word' id='word_1_594' title='bbox 563 2156 582 2178; x_wconf 84' lang='lat' dir='ltr'>b.</span> <span class='ocrx_word' id='word_1_595' title='bbox 634 2163 687 2178; x_wconf 92' lang='lat' dir='ltr'>cum</span> <span class='ocrx_word' id='word_1_596' title='bbox 697 2156 761 2182; x_wconf 84' lang='lat' dir='ltr'>ipsae</span> <span class='ocrx_word' id='word_1_597' title='bbox 777 2174 781 2178; x_wconf 87' lang='lat'>.</span> <span class='ocrx_word' id='word_1_598' title='bbox 800 2174 804 2178; x_wconf 87' lang='lat'><strong>.</strong></span> <span class='ocrx_word' id='word_1_599' title='bbox 824 2174 827 2178; x_wconf 99' lang='lat'>.</span> <span class='ocrx_word' id='word_1_600' title='bbox 843 2156 917 2178; x_wconf 83' lang='lat' dir='ltr'>lineae</span> <span class='ocrx_word' id='word_1_601' title='bbox 967 2155 1048 2178; x_wconf 81' lang='lat' dir='ltr'>similis</span> <span class='ocrx_word' id='word_1_602' title='bbox 1060 2160 1098 2183; x_wconf 73' lang='lat' dir='ltr'>pro</span> <span class='ocrx_word' id='word_1_603' title='bbox 1110 2156 1224 2183; x_wconf 85' lang='lat' dir='ltr'>aequale.²</span> 
     </span>
     <span class='ocr_line' id='line_1_41' title="bbox 239 2192 1635 2220; baseline -0.001 -5"><span class='ocrx_word' id='word_1_604' title='bbox 239 2193 255 2215; x_wconf 83' lang='lat' dir='ltr'>d</span> <span class='ocrx_word' id='word_1_605' title='bbox 268 2201 279 2215; x_wconf 78' lang='lat' dir='ltr'>e</span> <span class='ocrx_word' id='word_1_606' title='bbox 294 2201 336 2215; x_wconf 48' lang='lat' dir='ltr'>om.</span> <span class='ocrx_word' id='word_1_607' title='bbox 352 2193 385 2219; x_wconf 87' lang='lat' dir='ltr'>V;</span> <span class='ocrx_word' id='word_1_608' title='bbox 405 2194 468 2215; x_wconf 86' lang='lat' dir='ltr'>Nam</span> <span class='ocrx_word' id='word_1_609' title='bbox 480 2193 592 2220; x_wconf 85' lang='lat' dir='ltr'>quoniam</span> <span class='ocrx_word' id='word_1_610' title='bbox 604 2193 665 2215; x_wconf 86' lang='lat' dir='ltr'>linea</span> <span class='ocrx_word' id='word_1_611' title='bbox 677 2201 689 2219; x_wconf 85' lang='lat' dir='ltr'><em>g</em></span> <span class='ocrx_word' id='word_1_612' title='bbox 704 2193 713 2215; x_wconf 83' lang='lat' dir='ltr'>l</span> <span class='ocrx_word' id='word_1_613' title='bbox 729 2197 751 2215; x_wconf 89' lang='lat' dir='ltr'>et</span> <span class='ocrx_word' id='word_1_614' title='bbox 769 2193 829 2215; x_wconf 91' lang='lat' dir='ltr'>linea</span> <span class='ocrx_word' id='word_1_615' title='bbox 843 2194 856 2215; x_wconf 83' lang='lat' dir='ltr'><em>h</em></span> <span class='ocrx_word' id='word_1_616' title='bbox 870 2201 880 2215; x_wconf 74' lang='lat' dir='ltr'><em>c</em></span> <span class='ocrx_word' id='word_1_617' title='bbox 893 2193 916 2215; x_wconf 93' lang='lat' dir='ltr'>in</span> <span class='ocrx_word' id='word_1_618' title='bbox 1007 2200 1042 2215; x_wconf 89' lang='lat'>20.</span> <span class='ocrx_word' id='word_1_619' title='bbox 1059 2193 1124 2215; x_wconf 85' lang='lat' dir='ltr'>lateri</span> <span class='ocrx_word' id='word_1_620' title='bbox 1137 2201 1180 2216; x_wconf 78' lang='lat' dir='ltr'>om.</span> <span class='ocrx_word' id='word_1_621' title='bbox 1246 2194 1309 2215; x_wconf 85' lang='lat' dir='ltr'>Nam</span> <span class='ocrx_word' id='word_1_622' title='bbox 1336 2197 1359 2215; x_wconf 91' lang='lat' dir='ltr'>et</span> <span class='ocrx_word' id='word_1_623' title='bbox 1386 2193 1434 2220; x_wconf 77' lang='lat' dir='ltr'>ipse</span> <span class='ocrx_word' id='word_1_624' title='bbox 1450 2196 1489 2220; x_wconf 78' lang='lat' dir='ltr'>pro</span> <span class='ocrx_word' id='word_1_625' title='bbox 1508 2200 1561 2214; x_wconf 85' lang='lat' dir='ltr'>cum</span> <span class='ocrx_word' id='word_1_626' title='bbox 1584 2192 1635 2219; x_wconf 84' lang='lat' dir='ltr'>ipsa</span> 
     </span>
     <span class='ocr_line' id='line_1_42' title="bbox 240 2230 1506 2257; baseline 0 -5"><span class='ocrx_word' id='word_1_627' title='bbox 240 2231 376 2257; x_wconf 85' lang='lat' dir='ltr'>quantitate</span> <span class='ocrx_word' id='word_1_628' title='bbox 394 2230 511 2252; x_wconf 88' lang='lat' dir='ltr'>habentur</span> <span class='ocrx_word' id='word_1_629' title='bbox 528 2230 660 2252; x_wconf 88' lang='lat' dir='ltr'>consimiles</span> <span class='ocrx_word' id='word_1_630' title='bbox 676 2230 787 2257; x_wconf 90' lang='lat' dir='ltr'>quoniam</span> <span class='ocrx_word' id='word_1_631' title='bbox 805 2230 865 2253; x_wconf 86' lang='lat' dir='ltr'>linea</span> <span class='ocrx_word' id='word_1_632' title='bbox 881 2238 893 2257; x_wconf 85' lang='lat' dir='ltr'><em>g</em></span> <span class='ocrx_word' id='word_1_633' title='bbox 908 2231 917 2253; x_wconf 82' lang='lat' dir='ltr'>l</span> <span class='ocrx_word' id='word_1_634' title='bbox 968 2230 1075 2257; x_wconf 83' lang='lat' dir='ltr'>aequalia</span> <span class='ocrx_word' id='word_1_635' title='bbox 1084 2239 1128 2253; x_wconf 80' lang='lat' dir='ltr'>om.</span> <span class='ocrx_word' id='word_1_636' title='bbox 1191 2231 1349 2253; x_wconf 84' lang='lat' dir='ltr'>continentur.</span> <span class='ocrx_word' id='word_1_637' title='bbox 1410 2231 1440 2252; x_wconf 86' lang='lat' dir='ltr'>Et</span> <span class='ocrx_word' id='word_1_638' title='bbox 1453 2230 1506 2252; x_wconf 86' lang='lat' dir='ltr'>iam.</span> 
     </span>
     <span class='ocr_line' id='line_1_43' title="bbox 240 2266 1641 2296; baseline 0 -7"><span class='ocrx_word' id='word_1_639' title='bbox 240 2267 322 2289; x_wconf 82' lang='lat' dir='ltr'>similis</span> <span class='ocrx_word' id='word_1_640' title='bbox 333 2271 367 2289; x_wconf 86' lang='lat' dir='ltr'>est</span> <span class='ocrx_word' id='word_1_641' title='bbox 380 2267 439 2290; x_wconf 86' lang='lat' dir='ltr'>linee</span> <span class='ocrx_word' id='word_1_642' title='bbox 451 2268 466 2289; x_wconf 84' lang='lat' dir='ltr'>d</span> <span class='ocrx_word' id='word_1_643' title='bbox 477 2276 487 2290; x_wconf 82' lang='lat' dir='ltr'><em>c</em></span> <span class='ocrx_word' id='word_1_644' title='bbox 500 2268 531 2289; x_wconf 92' lang='lat' dir='ltr'>D.</span> <span class='ocrx_word' id='word_1_645' title='bbox 1004 2275 1038 2290; x_wconf 91' lang='lat'>21.</span> <span class='ocrx_word' id='word_1_646' title='bbox 1055 2269 1069 2290; x_wconf 75' lang='grc' dir='ltr'><em>ά</em></span> <span class='ocrx_word' id='word_1_647' title='bbox 1086 2269 1122 2291; x_wconf 87' lang='lat' dir='ltr'>vel</span> <span class='ocrx_word' id='word_1_648' title='bbox 1136 2269 1172 2295; x_wconf 83' lang='lat'>(?)</span> <span class='ocrx_word' id='word_1_649' title='bbox 1185 2270 1264 2296; x_wconf 67' lang='lat' dir='ltr'>prodi</span> <span class='ocrx_word' id='word_1_650' title='bbox 1275 2269 1297 2292; x_wconf 96' lang='lat' dir='ltr'>D</span> <span class='ocrx_word' id='word_1_651' title='bbox 1311 2269 1384 2291; x_wconf 82' lang='lat' dir='ltr'>lineae</span> <span class='ocrx_word' id='word_1_652' title='bbox 1395 2276 1437 2290; x_wconf 88' lang='lat' dir='ltr'>om.</span> <span class='ocrx_word' id='word_1_653' title='bbox 1499 2275 1510 2290; x_wconf 81' lang='lat' dir='ltr'>e</span> <span class='ocrx_word' id='word_1_654' title='bbox 1521 2275 1534 2289; x_wconf 89' lang='grc' dir='ltr'><em>α</em></span> <span class='ocrx_word' id='word_1_655' title='bbox 1547 2271 1587 2294; x_wconf 78' lang='lat' dir='ltr'>pro</span> <span class='ocrx_word' id='word_1_656' title='bbox 1599 2275 1610 2289; x_wconf 86' lang='lat' dir='ltr'>e</span> <span class='ocrx_word' id='word_1_657' title='bbox 1621 2266 1641 2289; x_wconf 84' lang='lat' dir='ltr'>b.</span> 
     </span>
    </p>

    <p class='ocr_par' dir='ltr' id='par_1_10' title="bbox 240 2305 1642 2371">
     <span class='ocr_line' id='line_1_44' title="bbox 278 2305 1462 2333; baseline 0 -6"><span class='ocrx_word' id='word_1_658' title='bbox 278 2312 300 2331; x_wconf 88' lang='lat'>9.</span> <span class='ocrx_word' id='word_1_659' title='bbox 318 2312 372 2327; x_wconf 89' lang='lat' dir='ltr'>nam</span> <span class='ocrx_word' id='word_1_660' title='bbox 385 2309 425 2332; x_wconf 78' lang='lat' dir='ltr'>pro</span> <span class='ocrx_word' id='word_1_661' title='bbox 437 2313 498 2328; x_wconf 83' lang='lat' dir='ltr'>cum.</span> <span class='ocrx_word' id='word_1_662' title='bbox 547 2306 701 2332; x_wconf 83' lang='lat' dir='ltr'>reperiuntur.</span> <span class='ocrx_word' id='word_1_663' title='bbox 753 2305 862 2333; x_wconf 85' lang='lat' dir='ltr'>aequales</span> <span class='ocrx_word' id='word_1_664' title='bbox 872 2314 915 2329; x_wconf 78' lang='lat' dir='ltr'>om.</span> <span class='ocrx_word' id='word_1_665' title='bbox 968 2307 1062 2333; x_wconf 84' lang='lat' dir='ltr'>quando</span> <span class='ocrx_word' id='word_1_666' title='bbox 1074 2307 1145 2333; x_wconf 74' lang='lat' dir='ltr'>igitur</span> <span class='ocrx_word' id='word_1_667' title='bbox 1155 2315 1166 2329; x_wconf 81' lang='lat' dir='ltr'>e</span> <span class='ocrx_word' id='word_1_668' title='bbox 1177 2307 1189 2329; x_wconf 81' lang='lat' dir='ltr'><em>b</em></span> <span class='ocrx_word' id='word_1_669' title='bbox 1200 2315 1242 2329; x_wconf 88' lang='lat' dir='ltr'>om.</span> <span class='ocrx_word' id='word_1_670' title='bbox 1254 2307 1287 2333; x_wconf 89' lang='lat' dir='ltr'>V;</span> <span class='ocrx_word' id='word_1_671' title='bbox 1311 2307 1372 2329; x_wconf 89' lang='lat' dir='ltr'>Cum</span> <span class='ocrx_word' id='word_1_672' title='bbox 1383 2314 1393 2328; x_wconf 83' lang='lat' dir='ltr'>e</span> <span class='ocrx_word' id='word_1_673' title='bbox 1405 2313 1417 2327; x_wconf 86' lang='grc' dir='ltr'><em>α</em></span> <span class='ocrx_word' id='word_1_674' title='bbox 1431 2306 1462 2327; x_wconf 95' lang='lat' dir='ltr'>D.</span> 
     </span>
     <span class='ocr_line' id='line_1_45' title="bbox 240 2342 1642 2371; baseline 0 -8"><span class='ocrx_word' id='word_1_675' title='bbox 240 2342 280 2363; x_wconf 86' lang='lat' dir='ltr'>sed</span> <span class='ocrx_word' id='word_1_676' title='bbox 292 2350 334 2364; x_wconf 85' lang='lat' dir='ltr'>om.</span> <span class='ocrx_word' id='word_1_677' title='bbox 395 2342 509 2370; x_wconf 81' lang='lat' dir='ltr'>lineaque.</span> <span class='ocrx_word' id='word_1_678' title='bbox 1005 2351 1039 2366; x_wconf 81' lang='lat'>22.</span> <span class='ocrx_word' id='word_1_679' title='bbox 1057 2344 1148 2366; x_wconf 76' lang='lat' dir='ltr'>radicis.</span> <span class='ocrx_word' id='word_1_680' title='bbox 1226 2344 1391 2371; x_wconf 83' lang='lat' dir='ltr'>quaternarius</span> <span class='ocrx_word' id='word_1_681' title='bbox 1406 2343 1429 2365; x_wconf 95' lang='lat' dir='ltr'>D</span> <span class='ocrx_word' id='word_1_682' title='bbox 1446 2346 1464 2365; x_wconf 77' lang='lat' dir='ltr'>et</span> <span class='ocrx_word' id='word_1_683' title='bbox 1481 2342 1602 2370; x_wconf 83' lang='lat' dir='ltr'>quinarius</span> <span class='ocrx_word' id='word_1_684' title='bbox 1617 2342 1642 2363; x_wconf 89' lang='lat' dir='ltr'>in</span> 
     </span>
    </p>

    <p class='ocr_par' dir='ltr' id='par_1_11' title="bbox 239 2379 1377 2446">
     <span class='ocr_line' id='line_1_46' title="bbox 278 2379 1139 2408; baseline 0.003 -8"><span class='ocrx_word' id='word_1_685' title='bbox 278 2386 311 2401; x_wconf 89' lang='lat'>10.</span> <span class='ocrx_word' id='word_1_686' title='bbox 330 2379 393 2401; x_wconf 90' lang='lat' dir='ltr'>Nam</span> <span class='ocrx_word' id='word_1_687' title='bbox 406 2380 479 2402; x_wconf 84' lang='lat' dir='ltr'>eciam</span> <span class='ocrx_word' id='word_1_688' title='bbox 491 2384 513 2403; x_wconf 90' lang='lat' dir='ltr'>et</span> <span class='ocrx_word' id='word_1_689' title='bbox 527 2384 566 2407; x_wconf 77' lang='lat' dir='ltr'>pro</span> <span class='ocrx_word' id='word_1_690' title='bbox 577 2388 638 2403; x_wconf 87' lang='lat' dir='ltr'>cum.</span> <span class='ocrx_word' id='word_1_691' title='bbox 704 2381 822 2403; x_wconf 92' lang='lat' dir='ltr'>diuidunt.</span> <span class='ocrx_word' id='word_1_692' title='bbox 883 2381 915 2403; x_wconf 83' lang='lat' dir='ltr'>dl</span> <span class='ocrx_word' id='word_1_693' title='bbox 968 2389 1036 2408; x_wconf 76' lang='lat' dir='ltr'>marg.</span> <span class='ocrx_word' id='word_1_694' title='bbox 1046 2389 1106 2403; x_wconf 75' lang='lat' dir='ltr'>man.</span> <span class='ocrx_word' id='word_1_695' title='bbox 1121 2389 1139 2403; x_wconf 81' lang='lat'>2.</span> 
     </span>
     <span class='ocr_line' id='line_1_47' title="bbox 239 2416 1377 2446; baseline 0.004 -9"><span class='ocrx_word' id='word_1_696' title='bbox 239 2416 358 2438; x_wconf 86' lang='lat' dir='ltr'>residuum</span> <span class='ocrx_word' id='word_1_697' title='bbox 370 2416 444 2440; x_wconf 82' lang='lat' dir='ltr'>lineae</span> <span class='ocrx_word' id='word_1_698' title='bbox 456 2426 468 2445; x_wconf 84' lang='lat' dir='ltr'><em>g</em></span> <span class='ocrx_word' id='word_1_699' title='bbox 478 2418 493 2444; x_wconf 89' lang='lat' dir='ltr'>I,</span> <span class='ocrx_word' id='word_1_700' title='bbox 505 2418 580 2440; x_wconf 87' lang='lat' dir='ltr'>lineae</span> <span class='ocrx_word' id='word_1_701' title='bbox 590 2426 633 2441; x_wconf 84' lang='lat' dir='ltr'>om.</span> <span class='ocrx_word' id='word_1_702' title='bbox 1006 2426 1041 2446; x_wconf 80' lang='lat'>23.</span> <span class='ocrx_word' id='word_1_703' title='bbox 1059 2420 1183 2446; x_wconf 83' lang='lat' dir='ltr'>designans</span> <span class='ocrx_word' id='word_1_704' title='bbox 1194 2423 1233 2446; x_wconf 77' lang='lat' dir='ltr'>pro</span> <span class='ocrx_word' id='word_1_705' title='bbox 1244 2418 1377 2441; x_wconf 81' lang='lat' dir='ltr'>ostendens.</span> 
     </span>
    </p>

    <p class='ocr_par' dir='ltr' id='par_1_12' title="bbox 240 2453 1641 2557">
     <span class='ocr_line' id='line_1_48' title="bbox 278 2453 1641 2483; baseline 0 -8"><span class='ocrx_word' id='word_1_706' title='bbox 278 2460 312 2475; x_wconf 91' lang='lat'>11.</span> <span class='ocrx_word' id='word_1_707' title='bbox 331 2462 342 2476; x_wconf 82' lang='grc' dir='ltr'><em>ε</em></span> <span class='ocrx_word' id='word_1_708' title='bbox 353 2462 365 2476; x_wconf 85' lang='grc' dir='ltr'><em>α</em></span> <span class='ocrx_word' id='word_1_709' title='bbox 377 2458 417 2481; x_wconf 80' lang='lat' dir='ltr'>pro</span> <span class='ocrx_word' id='word_1_710' title='bbox 428 2463 439 2477; x_wconf 83' lang='grc' dir='ltr'><em>ε</em></span> <span class='ocrx_word' id='word_1_711' title='bbox 450 2455 469 2477; x_wconf 83' lang='lat' dir='ltr'>b.</span> <span class='ocrx_word' id='word_1_712' title='bbox 532 2455 632 2478; x_wconf 85' lang='lat' dir='ltr'>residua.</span> <span class='ocrx_word' id='word_1_713' title='bbox 696 2456 739 2478; x_wconf 88' lang='lat' dir='ltr'>erit</span> <span class='ocrx_word' id='word_1_714' title='bbox 751 2457 775 2481; x_wconf 78' lang='lat' dir='ltr'>-l-</span> <span class='ocrx_word' id='word_1_715' title='bbox 785 2456 844 2478; x_wconf 87' lang='lat' dir='ltr'>linee</span> <span class='ocrx_word' id='word_1_716' title='bbox 852 2456 915 2479; x_wconf 85' lang='lat' dir='ltr'>dlex</span> <span class='ocrx_word' id='word_1_717' title='bbox 1006 2463 1040 2483; x_wconf 83' lang='lat'>25.</span> <span class='ocrx_word' id='word_1_718' title='bbox 1058 2457 1099 2479; x_wconf 84' lang='lat' dir='ltr'>Vel</span> <span class='ocrx_word' id='word_1_719' title='bbox 1112 2461 1151 2483; x_wconf 81' lang='lat' dir='ltr'>pro</span> <span class='ocrx_word' id='word_1_720' title='bbox 1162 2456 1231 2483; x_wconf 74' lang='lat' dir='ltr'>Quod</span> <span class='ocrx_word' id='word_1_721' title='bbox 1243 2457 1273 2478; x_wconf 96' lang='lat' dir='ltr'>D.</span> <span class='ocrx_word' id='word_1_722' title='bbox 1332 2455 1413 2478; x_wconf 71' lang='lat' dir='ltr'>contra</span> <span class='ocrx_word' id='word_1_723' title='bbox 1425 2462 1467 2476; x_wconf 82' lang='lat' dir='ltr'>om.</span> <span class='ocrx_word' id='word_1_724' title='bbox 1530 2453 1591 2476; x_wconf 83' lang='lat' dir='ltr'>linea</span> <span class='ocrx_word' id='word_1_725' title='bbox 1601 2457 1641 2480; x_wconf 78' lang='lat' dir='ltr'>pro</span> 
     </span>
     <span class='ocr_line' id='line_1_49' title="bbox 240 2490 1641 2520; baseline 0 -8"><span class='ocrx_word' id='word_1_726' title='bbox 240 2490 300 2512; x_wconf 85' lang='lat' dir='ltr'>linea</span> <span class='ocrx_word' id='word_1_727' title='bbox 322 2498 335 2517; x_wconf 77' lang='lat' dir='ltr'><em>g</em></span> <span class='ocrx_word' id='word_1_728' title='bbox 355 2491 364 2513; x_wconf 87' lang='lat' dir='ltr'>l</span> <span class='ocrx_word' id='word_1_729' title='bbox 385 2492 482 2514; x_wconf 86' lang='lat' dir='ltr'>residue.</span> <span class='ocrx_word' id='word_1_730' title='bbox 555 2493 599 2515; x_wconf 90' lang='lat' dir='ltr'>Sed</span> <span class='ocrx_word' id='word_1_731' title='bbox 621 2496 644 2515; x_wconf 83' lang='lat' dir='ltr'>et</span> <span class='ocrx_word' id='word_1_732' title='bbox 665 2496 705 2520; x_wconf 74' lang='lat' dir='ltr'>pro</span> <span class='ocrx_word' id='word_1_733' title='bbox 723 2497 794 2520; x_wconf 85' lang='lat' dir='ltr'>atque</span> <span class='ocrx_word' id='word_1_734' title='bbox 810 2494 914 2519; x_wconf 78' lang='lat' dir='ltr'>tandem,</span> <span class='ocrx_word' id='word_1_735' title='bbox 967 2493 1051 2516; x_wconf 82' lang='lat' dir='ltr'>lineam</span> <span class='ocrx_word' id='word_1_736' title='bbox 1067 2494 1099 2516; x_wconf 94' lang='lat' dir='ltr'>D.</span> <span class='ocrx_word' id='word_1_737' title='bbox 1161 2502 1172 2516; x_wconf 85' lang='lat' dir='ltr'>e</span> <span class='ocrx_word' id='word_1_738' title='bbox 1189 2502 1203 2516; x_wconf 83' lang='lat' dir='ltr'>n</span> <span class='ocrx_word' id='word_1_739' title='bbox 1224 2494 1244 2519; x_wconf 82' lang='grc' dir='ltr'>(ε</span> <span class='ocrx_word' id='word_1_740' title='bbox 1261 2494 1274 2515; x_wconf 84' lang='lat' dir='ltr'><strong><em>h</em></strong></span> <span class='ocrx_word' id='word_1_741' title='bbox 1294 2493 1326 2518; x_wconf 90' lang='lat' dir='ltr'>D)</span> <span class='ocrx_word' id='word_1_742' title='bbox 1345 2499 1414 2519; x_wconf 82' lang='lat' dir='ltr'>super</span> <span class='ocrx_word' id='word_1_743' title='bbox 1433 2491 1518 2514; x_wconf 83' lang='lat' dir='ltr'>lineam</span> <span class='ocrx_word' id='word_1_744' title='bbox 1534 2498 1546 2513; x_wconf 86' lang='lat' dir='ltr'><em>c</em></span> <span class='ocrx_word' id='word_1_745' title='bbox 1563 2491 1577 2512; x_wconf 85' lang='lat' dir='ltr'><em>h</em></span> <span class='ocrx_word' id='word_1_746' title='bbox 1597 2490 1641 2516; x_wconf 82' lang='lat' dir='ltr'>(eh</span> 
     </span>
     <span class='ocr_line' id='line_1_50' title="bbox 240 2528 1640 2557; baseline -0.006 0"><span class='ocrx_word' id='word_1_747' title='bbox 240 2535 300 2549; x_wconf 71' lang='lat' dir='ltr'><strong>cum·</strong></span> <span class='ocrx_word' id='word_1_748' title='bbox 967 2531 1000 2557; x_wconf 90' lang='lat' dir='ltr'>D)</span> <span class='ocrx_word' id='word_1_749' title='bbox 1027 2531 1193 2553; x_wconf 89' lang='lat' dir='ltr'>addiderimus.</span> <span class='ocrx_word' id='word_1_750' title='bbox 1268 2537 1328 2557; x_wconf 86' lang='lat' dir='ltr'>quae</span> <span class='ocrx_word' id='word_1_751' title='bbox 1340 2531 1365 2555; x_wconf 82' lang='grc' dir='ltr'>-Ι-</span> <span class='ocrx_word' id='word_1_752' title='bbox 1376 2529 1451 2551; x_wconf 78' lang='lat' dir='ltr'>solum</span> <span class='ocrx_word' id='word_1_753' title='bbox 1477 2529 1510 2555; x_wconf 85' lang='lat' dir='ltr'>V;</span> <span class='ocrx_word' id='word_1_754' title='bbox 1541 2535 1601 2555; x_wconf 82' lang='lat' dir='ltr'>quae</span> <span class='ocrx_word' id='word_1_755' title='bbox 1615 2528 1640 2553; x_wconf 54' lang='grc' dir='ltr'>-ἱ-</span> 
     </span>
    </p>
   </div>
   <div class='ocr_carea' id='block_1_4' title="bbox 240 2566 1572 2633">
    <p class='ocr_par' dir='ltr' id='par_1_13' title="bbox 240 2566 1572 2633">
     <span class='ocr_line' id='line_1_51' title="bbox 279 2566 1078 2592; baseline 0.005 -6"><span class='ocrx_word' id='word_1_756' title='bbox 279 2572 312 2587; x_wconf 82' lang='lat'>12.</span> <span class='ocrx_word' id='word_1_757' title='bbox 330 2572 357 2587; x_wconf 87' lang='lat' dir='ltr'>ex</span> <span class='ocrx_word' id='word_1_758' title='bbox 386 2566 497 2592; x_wconf 83' lang='lat' dir='ltr'>superiori</span> <span class='ocrx_word' id='word_1_759' title='bbox 526 2567 727 2590; x_wconf 88' lang='lat' dir='ltr'>demonstratione</span> <span class='ocrx_word' id='word_1_760' title='bbox 759 2575 801 2590; x_wconf 83' lang='lat' dir='ltr'>om.</span> <span class='ocrx_word' id='word_1_761' title='bbox 868 2568 914 2590; x_wconf 87' lang='lat' dir='ltr'>iam</span> <span class='ocrx_word' id='word_1_762' title='bbox 967 2568 1035 2590; x_wconf 87' lang='lat' dir='ltr'>semel</span> <span class='ocrx_word' id='word_1_763' title='bbox 1048 2569 1078 2590; x_wconf 94' lang='lat' dir='ltr'>D.</span> 
     </span>
     <span class='ocr_line' id='line_1_52' title="bbox 240 2601 1572 2633; baseline 0 -9"><span class='ocrx_word' id='word_1_764' title='bbox 240 2601 316 2624; x_wconf 73' lang='lat' dir='ltr'>fuerat</span> <span class='ocrx_word' id='word_1_765' title='bbox 327 2603 453 2625; x_wconf 85' lang='lat' dir='ltr'>consimilis</span> <span class='ocrx_word' id='word_1_766' title='bbox 462 2607 501 2630; x_wconf 81' lang='lat' dir='ltr'>pro</span> <span class='ocrx_word' id='word_1_767' title='bbox 512 2611 558 2626; x_wconf 90' lang='lat' dir='ltr'>non</span> <span class='ocrx_word' id='word_1_768' title='bbox 568 2604 597 2626; x_wconf 78' lang='lat' dir='ltr'>sit</span> <span class='ocrx_word' id='word_1_769' title='bbox 608 2604 744 2632; x_wconf 81' lang='lat' dir='ltr'>inaequalis.</span> <span class='ocrx_word' id='word_1_770' title='bbox 779 2612 833 2627; x_wconf 84' lang='lat' dir='ltr'>area</span> <span class='ocrx_word' id='word_1_771' title='bbox 842 2613 914 2633; x_wconf 83' lang='lat' dir='ltr'>quam</span> <span class='ocrx_word' id='word_1_772' title='bbox 1005 2607 1039 2628; x_wconf 87' lang='lat'>26.</span> <span class='ocrx_word' id='word_1_773' title='bbox 1057 2610 1080 2628; x_wconf 81' lang='lat' dir='ltr'>et</span> <span class='ocrx_word' id='word_1_774' title='bbox 1094 2606 1146 2631; x_wconf 88' lang='lat' dir='ltr'>(om.</span> <span class='ocrx_word' id='word_1_775' title='bbox 1158 2606 1187 2631; x_wconf 92' lang='lat' dir='ltr'>V)</span> <span class='ocrx_word' id='word_1_776' title='bbox 1201 2605 1259 2627; x_wconf 89' lang='lat' dir='ltr'>fiunt</span> <span class='ocrx_word' id='word_1_777' title='bbox 1275 2612 1294 2631; x_wconf 92' lang='lat'>7.</span> <span class='ocrx_word' id='word_1_778' title='bbox 1356 2606 1393 2626; x_wconf 70' lang='lat' dir='ltr'>a⁰¹</span> <span class='ocrx_word' id='word_1_779' title='bbox 1404 2607 1444 2630; x_wconf 76' lang='lat' dir='ltr'>pro</span> <span class='ocrx_word' id='word_1_780' title='bbox 1456 2603 1530 2625; x_wconf 88' lang='lat' dir='ltr'>maior</span> <span class='ocrx_word' id='word_1_781' title='bbox 1541 2603 1572 2624; x_wconf 93' lang='lat' dir='ltr'>D.</span> 
     </span>
    </p>
   </div>
  </div>
 </body>
</html>
