1780 2995
231 269 288 289 112
567 260 689 287 LIBER
715 260 926 287 ALGEBRAE
955 260 1006 286 ET
1029 259 1300 287 ALMUCABOLA

205 366 214 381 1
227 351 436 389 producentur
454 361 508 381 100
522 361 558 381 ex
572 361 699 381 numero
714 355 744 380 et
759 361 821 380 vna
835 351 1021 387 substantia,
1037 351 1153 389 absque
1169 361 1205 380 20
1219 351 1318 380 rebus
1362 351 1441 380 Rem
1455 351 1550 380 etiam
1564 361 1634 381 curn

227 411 258 430 re
280 401 475 440 multiplices,
499 406 530 430 et
551 401 740 439 producetur
762 401 947 437 substantia,
971 411 1065 439 quam
1091 411 1145 429 100
1167 411 1202 430 ex
1225 410 1352 430 numero
1375 405 1406 430 et
1429 401 1633 438 substantiae,

226 451 344 489 absque
367 461 403 480 20
423 451 514 480 rebus
535 451 635 489 iunge,
658 455 688 480 et
710 450 835 480 venient
859 461 914 480 100
935 461 970 480 ex
992 461 1118 480 numero
1140 455 1170 480 et
1194 461 1208 479 2
1231 450 1434 487 substantiae,
1457 451 1575 489 absque
1598 461 1634 480 20

226 501 326 530 rebus.
369 501 437 530 Iam
457 501 667 539 quantitatem
685 511 764 539 quae
782 501 862 530 inter
880 505 1044 539 Vtramque
1062 505 1183 538 partem
1202 505 1258 537 est,
1281 511 1316 529 10
1334 500 1398 530 sine
1419 511 1432 529 2
1453 501 1554 537 rebus,
1575 500 1634 530 toti

202 560 366 582 ssummae
385 551 474 587 adde,
496 556 590 589 atque
610 551 667 580 hoc
688 555 790 580 totum
810 551 850 580 ad
873 561 927 580 110
947 561 982 580 ex
1003 561 1129 580 numero
1149 555 1180 580 et
1202 561 1216 579 2
1238 550 1439 587 substantias,
1461 550 1582 580 duabus
1602 555 1634 580 et

227 610 263 629 20
276 601 366 630 rebus
376 601 513 637 abiectis,
529 610 565 639 54
577 600 739 630 drachmas
750 605 965 639 coaequanteS,
979 600 1173 630 exuberando
1186 600 1336 638 peruenit.
1375 600 1539 638 Compleas
1552 610 1633 638 ergo,

225 654 256 680 et
276 650 342 680 dic:
375 661 429 680 110
448 650 613 680 drachmae
632 655 663 680 et
684 661 697 679 2
718 650 911 680 substantiae
932 659 968 688 54
987 650 1149 679 drachmas
1169 655 1199 679 et
1220 660 1254 679 22
1275 660 1321 679 res
1340 654 1522 688 coaequant.
1565 650 1634 680 Hoc

225 705 330 729 autem
349 700 389 730 ad
407 711 502 730 vnam
521 706 682 730 conuertas
701 700 919 737 substantiam,
940 704 970 729 et
989 700 1055 729 dic:
1089 709 1123 738 55
1144 700 1309 729 drachmae
1328 704 1358 729 et
1378 710 1439 729 vna
1458 700 1634 729 substantia

225 755 397 789 coaequant
407 760 440 788 27
452 750 614 780 drachmas
624 755 655 779 et
668 761 699 779 11
712 760 767 779 res.
798 750 897 787 Igitur
906 759 939 787 27
951 760 986 779 ex
998 759 1032 788 55
1041 750 1235 786 subtrahe,et
1246 750 1416 779 manebunt
1426 752 1460 779 28
1469 750 1634 779 drachmae

186 814 213 829 10
225 804 255 829 et
271 810 333 829 vna
349 800 535 837 substantia,
554 811 586 829 11
605 810 650 829 res
667 799 880 838 coaequantia.
924 800 984 828 Res
1000 799 1093 837 igitur
1107 810 1162 837 per
1178 799 1314 829 medium
1330 800 1444 836 diuide,
1461 804 1491 829 et
1508 799 1634 829 venient

227 859 241 888 5
260 855 289 879 et
308 850 462 886 medium3
491 850 566 879 haec
583 860 653 879 cum
670 860 726 879 suo
743 849 863 888 aequali
881 849 1063 887 multiplica,
1081 854 1112 878 et
1128 849 1338 887 producentur
1355 860 1392 887 30
1409 855 1440 879 et
1458 854 1579 888 quarta,
1598 860 1633 879 ex

225 899 271 929 his
292 902 327 929 28
345 900 503 936 subtrahe,
522 904 553 929 et
571 900 705 929 radicem
724 909 759 929 ex
777 899 908 935 residuo,
928 909 1024 928 vnum
1042 899 1157 928 scilicet
1175 904 1205 928 et
1224 897 1241 935 ὲ
1260 899 1374 937 accipe,
1393 910 1472 938 quae
1490 899 1579 929 simul
1598 910 1633 929 ex

226 950 393 979 medietate
408 950 450 979 rei
464 949 596 986 auferas,
612 954 642 979 et
657 949 828 979 manebunt
843 959 870 985 4.
913 949 999 978 Haec
1013 949 1106 987 igitur
1120 959 1214 978 vnam
1228 953 1350 987 partem
1364 949 1521 979 diuisionis
1536 949 1633 978 adim-

225 999 321 1037 pient.

187 1080 212 1101 15
798 1073 938 1111 Quaestio
952 1077 1057 1111 quarta

264 1165 436 1195 Denarium
448 1175 610 1195 numerum
623 1165 665 1194 sic
677 1165 707 1194 in
720 1165 781 1194 duo
794 1164 910 1200 diuido,
924 1169 959 1194 vt
971 1175 1033 1194 vna
1045 1165 1109 1194 eius
1120 1169 1210 1203 parte
1222 1174 1292 1194 cum
1304 1165 1404 1203 seipsa
1416 1165 1631 1203 multiplicata,

225 1226 370 1245 numerus
384 1215 455 1244 inde
469 1215 639 1253 productus
654 1215 784 1244 alteram
798 1214 966 1252 octagesies
980 1219 1011 1243 et
1025 1215 1117 1244 semel
1133 1215 1383 1253 comprehendat.

265 1265 426 1303 Expositio
442 1270 498 1300 est,
515 1270 550 1294 vt
570 1275 604 1294 10
619 1265 683 1294 sine
699 1275 730 1294 re
747 1274 816 1294 curn
832 1274 887 1293 suo
903 1264 1023 1302 aequali
1040 1264 1234 1302 multiplices,
1251 1269 1282 1294 et
1297 1265 1508 1303 producentur
1526 1275 1580 1294 100
1596 1276 1632 1295 ex

225 1315 359 1345 numeris
377 1319 408 1344 et
426 1315 612 1351 substantia,
632 1315 748 1353 absque
768 1324 803 1343 20
821 1314 921 1351 rebus,
941 1316 975 1343 81
996 1324 1042 1343 res
1060 1315 1273 1353 coaequantia.
1317 1315 1446 1352 Comple
1463 1315 1557 1352 igitur
1577 1326 1632 1345 100

186 1380 213 1395 20
225 1376 260 1395 ex
277 1365 411 1394 numeris
428 1369 459 1394 et
476 1365 694 1400 substantiam,
713 1369 743 1394 et
760 1364 839 1393 adde
858 1374 894 1393 20
910 1374 956 1393 res
973 1374 1100 1393 numero
1117 1366 1164 1400 81,
1182 1369 1213 1393 et
1229 1364 1354 1394 venient
1374 1375 1428 1394 100
1445 1375 1480 1394 ex
1498 1365 1631 1395 numeris

225 1420 256 1444 et
277 1415 463 1451 substantia,
488 1425 543 1444 100
562 1425 609 1444 res
630 1419 660 1444 et
681 1424 775 1443 vnam
795 1414 1008 1452 coaequantia.
1052 1414 1208 1443 Mediabis
1229 1424 1298 1452 ergo
1318 1424 1375 1451 res,
1397 1419 1427 1444 et
1447 1415 1572 1444 venient
1594 1424 1631 1453 50

225 1470 255 1495 et
273 1465 446 1494 dimidium.
489 1465 575 1494 Haec
593 1475 663 1494 cum
680 1474 735 1494 suo
752 1464 873 1502 aequali
891 1464 1073 1502 multiplica,
1091 1468 1122 1493 et
1139 1464 1348 1502 producentur
1367 1473 1442 1502 2550
1459 1469 1490 1494 et
1507 1470 1628 1503 quarta.

226 1516 271 1544 Ex
286 1515 333 1544 his
349 1525 431 1544 nunc
449 1525 504 1544 100
519 1514 677 1550 subtrahe,
693 1519 724 1544 et
740 1514 910 1543 manebunt
929 1524 964 1550 24
968 1523 1004 1552 50
1019 1518 1049 1543 et
1066 1519 1187 1552 quarta.
1230 1515 1351 1544 Horum
1366 1515 1500 1544 radicem
1516 1515 1629 1553 accipe,

224 1565 255 1594 id
276 1570 321 1595 est
342 1575 379 1603 49
400 1569 431 1594 et
451 1564 623 1601 dimidium,
645 1569 739 1603 atque
759 1564 838 1593 hanc
859 1574 894 1593 ex
914 1564 1053 1593 radicum
1073 1564 1240 1594 medietate
1259 1564 1416 1601 subtrahe,
1438 1569 1469 1594 et
1490 1565 1629 1594 manebit

186 1628 213 1648 25
225 1615 339 1652 vnitas,
354 1625 449 1644 vnarn
463 1619 584 1653 partem
598 1614 718 1644 numeri
732 1614 838 1643 decem
852 1613 1027 1643 ostendens.

794 1713 933 1751 Quaestio
947 1713 1051 1751 quinta

264 1807 352 1836 Duas
377 1805 568 1835 substantias
605 1805 725 1835 duabus
751 1804 904 1834 drachmis
930 1804 1115 1841 differentes,
1142 1804 1257 1841 diuido,
1284 1805 1431 1834 maiorem
1457 1805 1571 1835 scilicet
1596 1805 1627 1835 in

1000 1887 1033 1908 16.
1052 1890 1074 1908 et
1089 1889 1128 1912 pro
1142 1889 1168 1908 vt
1183 1886 1214 1908 D.
1278 1886 1301 1908 in
1315 1893 1339 1908 se
1352 1886 1427 1913 ipsam
1441 1887 1511 1909 semel
1525 1887 1627 1909 deducta

953 1922 1064 1950 (deducto
1074 1923 1116 1949 D),
1127 1924 1152 1945 81
1164 1923 1255 1945 vicibus
1266 1923 1332 1945 alteri
1347 1923 1422 1949 (iubet
1434 1923 1507 1946 altera
1519 1924 1551 1950 D)
1565 1931 1626 1947 com-

950 1959 1114 1987 prehendetur.

998 1998 1031 2019 18.
1049 1997 1171 2024 Expositio
1188 2000 1209 2022 4
1220 1997 1290 2019 huius
1307 1997 1347 2020 rei.
1411 1997 1457 2020 duo
1476 2002 1516 2025 pro
1534 2006 1576 2021 suo
1594 1999 1624 2022 D.

950 2034 1073 2057 consimili.
1137 2042 1163 2057 ex
1175 2035 1278 2057 numeris
1288 2042 1331 2057 om.
1342 2038 1415 2062 saepe.

997 2079 1031 2098 19-
1048 2072 1132 2094 minus.

997 2116 1030 2131 20.
1048 2112 1071 2131 et
1090 2109 1249 2131 substantiam
1269 2117 1311 2132 am.
1375 2111 1415 2132 et²
1433 2118 1476 2132 om.
1496 2110 1527 2132 D.
1590 2118 1624 2133 ra-

271 1896 290 1910 1.
308 1887 359 1910 erit.
422 1894 469 1909 vna
482 1894 525 1909 om.

272 1933 320 1952 1-4.
339 1925 398 1947 Rem
416 1942 421 1946 .
439 1942 443 1946 .
463 1942 466 1946 .
484 1924 568 1946 rebus¹
583 1931 625 1945 om.
638 1923 671 1949 V;
691 1924 750 1946 Rem
766 1931 859 1950 quoque
875 1923 898 1945 in

224 1970 248 1984 re
269 1961 434 1989 multiplicata,
453 1965 476 1984 et
498 1961 541 1983 erit
559 1960 700 1983 substantia.
733 1961 783 1983 Hec
805 1960 898 1982 insimul

224 2000 292 2026 iunge
315 2003 337 2021 et
361 2002 429 2021 erunt
455 2004 470 2021 c
493 2002 516 2021 et
541 1998 586 2020 due
608 1998 740 2020 substantie
763 1998 851 2025 absque
870 2004 899 2019 xx

224 2037 293 2059 rebus
308 2037 339 2059 D.

269 2082 290 2100 4.
308 2074 339 2096 Et
378 2073 432 2096 iam.
495 2077 621 2100 Vtramque
637 2076 659 2097 4-
670 2072 828 2095 substantiam
866 2073 897 2094 D.

224 2118 293 2138 super
326 2115 403 2133 totam
436 2118 553 2132 summam
587 2110 706 2132 addidisti.
740 2110 812 2132 Dicas
844 2117 898 2137 ergo

224 2148 347 2176 quantitas
366 2156 411 2175 que
431 2148 492 2170 inter
511 2152 637 2174 utramque
656 2152 690 2170 est
711 2147 850 2170 diuisionem
872 2155 898 2169 10

224 2186 313 2213 absque
328 2185 421 2208 duabus
436 2185 505 2208 rebus
519 2185 633 2212 designat.
667 2185 719 2207 Hoc
734 2185 804 2211 igitur
820 2188 898 2207 totum

224 2223 254 2245 ad
268 2231 309 2245 100
320 2226 343 2245 et
357 2231 383 2245 xo
394 2226 417 2245 et
431 2223 482 2249 (om.
495 2223 528 2248 D)
541 2223 600 2244 duas
611 2226 651 2249 pro
665 2230 691 2244 10
702 2222 767 2244 sine.
786 2240 791 2244 .
810 2240 814 2244 .
826 2225 850 2244 et
862 2229 882 2244 2.

270 2267 290 2287 5.
308 2260 397 2287 absque
407 2259 500 2282 duabus
510 2259 579 2282 rebus
588 2260 612 2282 in
625 2260 657 2286 (et
668 2260 701 2286 D)
714 2263 753 2286 pro
764 2259 856 2282 duabus
866 2262 897 2282 et.

269 2299 290 2320 6.
307 2297 375 2319 Tunc
386 2304 440 2324 ergo
452 2296 576 2324 compleas.

269 2335 290 2357 8.
308 2338 426 2357 conuerte.
489 2342 536 2356 vna
548 2342 590 2356 om.
603 2338 622 2356 el
634 2335 666 2356 sic
678 2334 746 2361 infra.

271 2377 305 2392 10.
323 2373 398 2392 erunt.

271 2414 305 2429 11.
323 2407 380 2429 haec
396 2410 417 2431 ÷
428 2407 505 2433 igitur.
569 2407 689 2429 consimili.
753 2410 829 2429 erunt.

272 2452 305 2466 12.
323 2444 359 2466 his
375 2447 467 2471 ÷ergo.
531 2444 662 2469 subtrahas,
685 2448 707 2466 et
730 2444 831 2466 radicem
854 2443 899 2470 (ra-

224 2481 286 2504 dices
298 2481 332 2507 D)
346 2481 488 2504 remanentis
501 2481 657 2507 (remanentes
669 2482 701 2506 D)
715 2481 738 2503 id
750 2485 784 2504 est
798 2481 898 2503 duorum

224 2522 247 2541 et
257 2522 281 2545 4Ε
293 2519 394 2545 accipias
407 2518 444 2545 (4-
455 2518 540 2545 Accipe
551 2519 653 2541 radicem
662 2519 695 2545 D)
709 2519 732 2541 id
743 2523 778 2541 est
790 2526 863 2541 unum
875 2522 897 2541 et

225 2556 328 2578 medium
339 2563 385 2582 que
395 2556 471 2578 simul.

272 2600 305 2620 13.
324 2593 407 2615 radicis
417 2593 451 2620 V;
470 2593 559 2616 radices
569 2593 592 2615 D
604 2597 644 2620 pro
655 2593 693 2616 rei.
757 2594 827 2620 igitur
844 2597 866 2619 4-
876 2602 897 2621 4,

949 2146 1012 2168 dices
1022 2153 1091 2173 super
1104 2148 1156 2173 (om.
1169 2147 1211 2172 D).
1245 2148 1280 2173 81,
1292 2151 1314 2169 et
1326 2150 1402 2169 erunt.
1437 2155 1478 2169 100
1489 2155 1531 2170 om.
1543 2148 1574 2170 D.

997 2191 1030 2206 21.
1048 2187 1071 2206 et
1089 2183 1224 2206 substantia
1241 2192 1284 2206 om.
1303 2185 1334 2206 D.
1399 2192 1441 2206 100
1458 2188 1482 2207 et
1500 2192 1571 2207 unam
1589 2193 1624 2207 ra-

949 2220 1032 2244 dicem.
1096 2221 1192 2243 radices.
1255 2225 1331 2244 erunt.

996 2266 1030 2280 22.
1048 2259 1098 2280 Has
1113 2266 1174 2286 ergo.
1237 2266 1278 2281 suo
1299 2259 1418 2284 consimili,
1435 2259 1478 2281 sibi
1494 2259 1585 2286 aequali
1600 2269 1620 2277 =

950 2303 1003 2318 cum
1015 2296 1107 2322 seipsis:
1129 2303 1153 2318 se
1164 2297 1189 2318 in
1202 2304 1270 2323 marg.
1285 2296 1317 2323 C;
1338 2296 1361 2318 in
1374 2304 1416 2319 suo
1433 2296 1546 2319 consimili
1559 2297 1579 2319 V
1592 2297 1622 2319 D.

949 2337 1016 2355 erunt
1030 2341 1093 2359 2000,
1097 2341 1140 2360 500
1150 2337 1172 2356 et
1185 2341 1212 2360 50
1222 2337 1245 2356 et
1256 2337 1288 2361 4¹.

997 2378 1030 2397 23.
1048 2378 1101 2397 ergo
1122 2374 1162 2397 pro
1183 2378 1252 2393 nunc.

950 2408 1042 2430 Horum
1058 2411 1079 2433 -Ι-
1090 2415 1151 2434 ergo.

997 2453 1030 2472 24-
1047 2449 1071 2468 et
1098 2445 1174 2472 ipsam
1201 2449 1241 2472 pro
1267 2450 1340 2472 atque
1366 2445 1433 2468 hanc.

956 2485 978 2507 -ὓ-
989 2482 1011 2504 id
1023 2487 1057 2505 est
1069 2490 1098 2509 50
1109 2486 1132 2505 et
1144 2483 1228 2506 medio.
1291 2483 1423 2505 subtrahas.

996 2527 1030 2546 25.
1048 2527 1128 2545 unum,
1143 2528 1214 2543 unam
1226 2520 1313 2543 denarii
1326 2521 1452 2543 ostendens
1464 2520 1610 2543 diuisionem.

996 2564 1030 2584 ²7-
1047 2557 1127 2580 diuido
1148 2566 1191 2580 om.
1213 2558 1241 2581 V.
1304 2558 1328 2581 id
1349 2561 1384 2581 est
1405 2566 1486 2582 earum
1509 2559 1621 2581 minorem

950 2601 1018 2621 super
1030 2595 1148 2618 maiorem.

1313 2378 1370 2393 2000
1390 2374 1413 2393 et
1434 2378 1478 2398 450
1500 2371 1554 2398 (400
1574 2371 1616 2397 D).

1496 2445 1623 2468 medietate
