1780 2995
184 257 224 297 98
521 259 641 286 LIBER
668 260 878 288 ALGEBRAE
905 261 956 288 ET
982 260 1251 289 ALMUCABOLA

161 360 171 375 1
183 350 340 388 duplicare
359 350 501 387 volueris,
521 350 676 380 binarium
695 361 765 380 cum
784 351 903 380 binario
923 351 1107 389 multiplices
1126 357 1157 381 et
1177 352 1260 390 quod
1279 362 1315 381 ex
1334 352 1591 391 multiplicatione

183 400 360 436 exercuerit,
384 410 454 429 cum
476 400 571 438 ipsius
594 400 704 429 radicis
727 400 902 430 substantia
925 401 1126 439 multiplice53
1160 406 1191 431 et
1213 402 1238 431 is
1261 407 1412 432 excrescet
1434 413 1590 440 numerus,

183 450 268 479 cuius
281 460 343 479 vna
354 449 440 479 radix
452 449 573 479 duabus
584 449 679 488 ipsius
691 450 884 479 substantiae
896 450 1049 480 radicibus
1061 451 1114 480 fiet
1126 451 1271 489 aequalis.
1314 452 1404 489 Quod
1416 452 1440 481 si
1456 453 1590 483 radicem

183 499 337 537 triplicare
351 499 493 536 volueris,
510 499 678 529 ternarium
693 510 763 529 cum
779 500 912 529 ternario
927 500 1121 538 multiplices,
1137 506 1167 530 et
1182 501 1266 539 quod
1281 511 1316 530 ex
1333 502 1590 540 multiplicatione

158 561 170 582 5
182 549 358 585 excreuerit,
375 559 445 578 cum
459 549 555 587 ipsius
569 549 679 578 radicis
695 549 870 579 substantia
885 550 1086 588 multiplices;
1112 555 1143 580 et
1158 550 1182 579 is
1198 551 1255 580 tibi
1273 556 1416 581 nascetur
1433 562 1588 589 numerus,

182 598 267 628 cuius
293 609 355 628 vna
379 598 466 628 radix
492 599 590 628 tribus
615 599 769 629 radicibus
794 599 912 638 primae
936 600 1130 630 substantiae
1154 601 1383 639 aequiparatur.
1427 601 1458 631 Si
1483 607 1588 631 autem

182 652 381 682 medietatem
404 652 514 682 radicis
535 653 648 682 habere
670 650 812 687 volueris,
835 654 958 688 oportet
980 654 1016 679 vt
1038 650 1237 680 medietatem
1260 661 1330 680 cum
1352 651 1529 688 medietate,
1553 662 1588 681 ac

183 712 253 731 cum
270 702 422 740 producto
439 707 548 740 postea
565 703 665 741 ipsam
682 700 891 731 substantiam
908 699 1110 738 multiplices,
1138 705 1169 729 et
1186 700 1243 729 erit
1262 700 1348 729 radix
1368 711 1448 739 quae
1469 701 1588 731 tollitur

181 752 342 781 medietati
371 752 481 781 radicis
511 752 704 782 substantiae
733 750 879 788 aequalis.
922 750 1045 779 Natura
1074 749 1156 779 enim
1184 750 1303 779 numeri
1332 750 1389 780 hoc
1419 751 1521 789 exigit,
1552 756 1587 781 vt

143 816 170 832 10
181 801 445 839 quemadmodum
461 802 492 831 in
510 802 644 831 numeris
661 800 786 838 integris
804 799 1037 837 multiplicatur,
1055 799 1100 828 ita
1117 799 1212 828 etiam
1234 804 1265 829 et
1288 800 1319 829 in
1342 800 1476 829 numeris
1499 801 1588 830 dimi-

180 851 274 888 nutis,
287 851 345 881 hoc
357 856 403 881 est
416 851 446 881 in
459 852 671 881 fractionibus.
714 850 833 880 Eodem
845 849 937 878 modo
953 859 1023 878 cum
1039 848 1147 885 tertiis,
1161 859 1231 878 cum
1247 850 1375 887 quartis,
1393 855 1487 888 atque
1503 851 1586 880 omni

180 910 216 930 eo
231 901 315 939 quod
329 901 395 939 ipso
410 901 529 939 integro
544 901 645 931 minus
660 905 716 938 est,
732 899 886 938 agendum
900 899 967 928 erit.
1010 898 1185 928 Similitudo
1200 904 1305 928 autem
1320 899 1586 938 multiplicationis

179 950 271 980 huius
288 951 358 980 talis
374 955 430 980 est.

220 1000 396 1030 Similitudo
413 1000 680 1039 multiplicationis
695 1000 804 1038 prima.
847 998 1043 1037 Accipiamus
1059 998 1188 1036 exempli
1203 998 1303 1036 gratia
1318 999 1452 1029 radicem
1467 1000 1586 1029 numeri

142 1064 168 1085 ις
179 1050 348 1087 nouenarii‚
364 1060 400 1080 ac
415 1050 526 1080 deinde
541 1051 789 1089 multiplicemus.
832 1048 923 1086 Quod
938 1048 962 1077 si
978 1048 1191 1086 duplationem
1209 1049 1319 1078 radicis
1338 1049 1455 1079 numeri
1474 1060 1585 1080 nouem

179 1099 292 1129 habere
308 1100 450 1137 volueris,
467 1100 560 1137 dicas,
577 1100 624 1130 bis
642 1100 704 1130 duo
722 1103 885 1138 procreant
901 1109 928 1135 4,
945 1108 1005 1136 que
1028 1108 1098 1127 cum
1121 1099 1288 1128 nouenario
1311 1099 1526 1137 multiplicata,
1546 1100 1586 1129 ad

179 1151 217 1187 36
243 1154 394 1179 excrescet
422 1150 600 1179 multitudo.
657 1150 758 1179 Huius
784 1149 890 1187 itaque
917 1148 1125 1178 multitudinis
1152 1148 1284 1186 accipias
1310 1149 1454 1186 radicem,
1482 1149 1513 1179 id
1539 1155 1585 1179 est

178 1209 341 1229 numerum
364 1199 527 1236 senarium,
552 1200 605 1238 qui
629 1200 750 1229 duabus
780 1198 934 1228 radicibus
964 1198 1082 1227 numeri
1112 1198 1280 1235 nouenarii,
1304 1199 1362 1228 hoc
1391 1204 1437 1229 est
1467 1200 1585 1229 numeri

179 1249 304 1278 ternarii
334 1249 429 1288 duplo
459 1250 595 1288 aequalis
625 1249 792 1288 reperitur;
821 1248 903 1278 idem
933 1252 979 1278 est
1007 1247 1089 1277 enim
1118 1258 1281 1278 numerum
1309 1249 1463 1278 senarium
1492 1250 1584 1279 semel

139 1313 167 1328 20
177 1299 323 1337 accipere.

219 1348 393 1378 Similitudo
417 1349 683 1387 multiplicationis
706 1348 849 1379 secunda.
893 1348 923 1378 Si
949 1352 1055 1377 autem
1080 1347 1214 1377 radicem
1245 1348 1363 1377 numeri
1393 1359 1504 1378 nouem
1531 1349 1584 1379 tri-

177 1398 291 1436 plicare
303 1398 444 1435 volueris,
458 1399 627 1428 ternarium
644 1409 714 1428 cum
731 1398 864 1428 ternario
882 1397 1075 1436 multiplices,
1089 1402 1119 1427 et
1136 1397 1211 1427 fient
1228 1408 1263 1435 93
1286 1408 1366 1436 quae
1381 1398 1405 1427 si
1421 1409 1491 1428 cum
1507 1399 1583 1437 seip-

177 1447 228 1484 sis,
244 1447 302 1477 hoc
317 1452 363 1477 est
379 1458 449 1478 cum
465 1449 632 1478 nouenario
648 1447 910 1486 multiplicaueris,
927 1458 1024 1485 Vsque
1040 1447 1079 1477 ad
1095 1449 1129 1477 81
1153 1453 1303 1477 excrescet
1325 1459 1479 1485 numerus,
1498 1449 1583 1479 cuius

176 1507 272 1527 vnam
289 1497 423 1527 radicem
440 1498 625 1528 noue-narius
642 1499 775 1536 complet
794 1508 948 1534 numerus,
966 1497 1019 1536 qui
1043 1497 1142 1527 tribus
1164 1498 1319 1528 radicibus
1341 1499 1509 1536 nouenarii‚
1526 1499 1583 1529 hoc

138 1560 165 1581 25
177 1552 223 1576 est
237 1557 364 1577 numero
377 1558 499 1584 nouem,
514 1548 637 1578 videtur
651 1548 796 1586 aequalis.

217 1597 392 1626 Similitudo
423 1598 688 1636 multiplicationis
719 1598 820 1627 tertia.
877 1597 936 1627 Sed
965 1597 990 1626 si
1020 1597 1219 1627 medietatem
1249 1597 1359 1627 radicis
1388 1608 1479 1636 saepe
1508 1598 1582 1628 dicti

176 1647 305 1683 numeri,
329 1647 442 1677 habere
465 1648 607 1684 volueris,
631 1648 767 1678 medium
790 1658 860 1677 cum
883 1647 984 1676 medio
1007 1647 1188 1685 multiplica,
1212 1652 1242 1677 et
1266 1647 1319 1677 fiet
1342 1653 1464 1686 quarta,
1488 1658 1582 1686 quam

176 1696 201 1726 si
233 1706 303 1726 cum
320 1707 338 1733 9
369 1697 632 1735 multiplicaueris,
665 1698 726 1727 duo
758 1702 788 1727 et
823 1701 968 1735 quartam
1000 1697 1090 1726 vnius
1127 1697 1273 1735 perficies.
1330 1698 1452 1727 Horum
1489 1698 1583 1735 igitur

176 1746 311 1776 radicem
337 1747 479 1785 accipias,
507 1747 539 1776 id
566 1752 611 1777 est
639 1758 736 1777 vnum
763 1752 794 1777 et
821 1747 967 1783 medium,
995 1757 1074 1785 quae
1101 1747 1300 1776 medietatem
1327 1747 1437 1777 radicis
1464 1748 1582 1777 numeri

137 1809 166 1829 30
177 1796 345 1833 nouenarii,
364 1796 422 1826 hoc
439 1801 485 1826 est
503 1797 703 1827 medietatem
721 1797 839 1826 numeri
857 1796 992 1833 ternarii,
1010 1797 1190 1835 adimplent.
1233 1798 1317 1827 Nam
1334 1808 1431 1826 mium
1448 1807 1518 1827 cum
1536 1797 1581 1827 sui

947 1862 980 1883 18.
998 1862 1114 1884 senarium
1126 1862 1150 1886 4-
1161 1861 1247 1888 accipe.
1302 1869 1375 1883 unum
1385 1865 1424 1888 pro
1433 1862 1538 1884 numeri¹
1550 1863 1580 1885 D.

905 1898 928 1920 id
941 1902 975 1920 est
989 1906 1086 1921 numero
1099 1897 1149 1924 3¹⁴⁵.

217 1867 235 1882 1.
253 1860 357 1882 radicare
389 1864 428 1887 pro
460 1861 580 1888 duplicare
612 1862 642 1883 D.
706 1861 798 1884 binario
829 1861 853 1883 in

176 1896 266 1919 binario
284 1898 314 1919 D.
377 1898 441 1920 dicas
457 1898 489 1923 V:
516 1898 589 1921 ducas
605 1899 627 1920 D
645 1902 685 1925 pro
703 1899 852 1926 multiplices.

175 1941 299 1956 numerum
312 1938 337 1957 ut
353 1935 384 1961 (et
398 1936 429 1961 D)
444 1939 483 1962 pro
495 1939 525 1958 et.

217 1979 236 1993 2.
255 1971 422 1994 substantiam.
485 1972 539 1995 talis
551 1977 590 1999 pro
603 1973 628 1995 is.

215 2017 235 2035 4.
254 2009 326 2031 ducas
346 2009 382 2035 Η-
395 2009 538 2036 productum
557 2010 580 2032 in
598 2010 628 2036 V)
649 2010 808 2032 substantiam
826 2013 853 2032 ut

175 2045 230 2068 talis
243 2046 285 2068 tibi
298 2050 409 2069 nascatur
422 2050 461 2073 pro
475 2047 617 2074 multiplices
631 2065 634 2070 .
654 2065 658 2070 .
678 2065 681 2070 .
695 2051 811 2070 nascetur.

214 2084 234 2105 6.
253 2083 422 2110 equiparantur
434 2084 464 2106 D.

216 2127 235 2146 7.
253 2128 372 2143 assumere
382 2121 491 2143 volueris.

215 2158 235 2179 8.
253 2165 306 2179 cum
324 2158 440 2184 producto
457 2166 500 2180 om.

175 2194 231 2217 [itur
244 2196 267 2220 -k-
280 2195 323 2217 hoc
336 2199 371 2217 est
384 2196 475 2218 elicitur
488 2196 515 2218 C.

216 2240 250 2254 10.
268 2232 399 2259 multiplico
408 2233 437 2255 D.
501 2233 625 2256 diminutis
638 2235 661 2259 -{-
674 2233 851 2261 multiplicetur.

216 2277 249 2291 11.
268 2269 310 2291 hoc
334 2274 368 2292 est
392 2271 415 2292 in
439 2270 594 2293 fractionibus
616 2279 659 2293 om.
724 2272 775 2293 Hoc
798 2279 852 2298 ergo

177 2306 243 2333 (quo-
260 2306 293 2331 D)
311 2307 381 2329 modo
398 2315 438 2329 seu
459 2308 518 2333 (siue
534 2308 567 2333 D)
586 2308 609 2330 in
626 2307 659 2334 3¹8
674 2316 714 2331 seu
738 2309 797 2335 (siue
816 2309 849 2335 D)

175 2343 198 2365 in
209 2343 241 2370 4¹⁸
251 2351 290 2366 seu
303 2344 361 2369 (siue
373 2345 405 2369 D)
418 2345 441 2366 in
452 2352 478 2367 eo
490 2346 553 2372 quod
565 2346 643 2368 minus
654 2349 697 2369 est.

216 2388 294 2407 12-14.
313 2381 383 2407 igitur
401 2381 470 2404 huius
487 2382 687 2409 multiplicacione
705 2383 780 2410 prima
798 2382 852 2405 talis

166 2421 209 2439 ⁴est
220 2422 246 2440 ut
258 2422 297 2444 pro
308 2422 388 2440 autem
401 2437 404 2440 .
424 2437 428 2441 .
447 2437 451 2441 .
463 2420 546 2445 gratia.

216 2462 249 2481 15.
268 2455 298 2477 Et
317 2459 356 2482 pro
373 2456 442 2482 Quod
460 2457 490 2479 D.

175 2492 231 2514 meri
243 2500 328 2514 nouem
339 2493 425 2516 habere
436 2501 479 2516 om.

216 2531 248 2551 16.
267 2529 302 2551 bis
313 2530 368 2552 bini.
432 2531 504 2554 ducta
517 2532 621 2558 (ducitur
632 2533 665 2557 D)
680 2533 704 2558 -i-
716 2540 821 2555 numero.

216 2573 249 2593 17.
267 2567 433 2594 multiplicatio
466 2572 505 2595 pro
538 2569 680 2595 multitudo;
721 2569 850 2592 multitudo

175 2611 230 2626 corr.
243 2612 269 2626 ex
281 2604 383 2632 multipli
397 2605 424 2628 C.
487 2613 577 2629 summe
589 2610 629 2634 pro
642 2607 808 2630 multitudinis.

555 2125 578 2144 et
590 2125 629 2148 pro
641 2129 675 2144 ac.

564 2159 587 2181 in
605 2163 645 2186 pro
663 2159 746 2186 ipsam.
809 2158 853 2181 tol-

554 2457 746 2484 duplicationem.
808 2465 851 2480 nu-

947 1943 980 1962 19.
999 1935 1034 1957 bis
1052 1939 1147 1962 sumpto
1165 1935 1246 1958 similis
1264 1936 1296 1960 V:
1323 1935 1392 1958 simul
1410 1936 1432 1957 D
1451 1940 1491 1963 pro
1509 1936 1581 1963 duplo

905 1973 1016 2000 aequalis.
1080 1973 1208 1995 ternarium
1233 1980 1279 2000 que
1303 1977 1337 1996 est
1362 1973 1427 1995 radix
1451 1974 1579 1999 nouenarii,

905 2010 940 2032 bis
956 2010 1059 2037 accipere
1075 2014 1097 2032 et
1115 2018 1238 2032 numerum
1255 2010 1324 2032 semel
1344 2011 1447 2037 accipere
1463 2011 1580 2033 senarium

905 2048 937 2073 V;
969 2048 1086 2070 senarium
1109 2048 1179 2069 semel
1202 2048 1306 2074 accipere
1329 2048 1392 2074 quod
1415 2048 1433 2070 si
1456 2056 1580 2071 numerum

905 2085 1033 2107 ternarium
1058 2092 1104 2111 que
1128 2085 1192 2107 radix
1217 2088 1252 2107 est
1276 2085 1366 2107 numeri
1391 2086 1519 2111 nouenarii,
1545 2086 1579 2108 bis

904 2122 1009 2148 accipere
1021 2122 1042 2143 D
1055 2126 1095 2148 pro
1107 2122 1223 2144 senarium
1235 2122 1304 2144 semel
1317 2123 1428 2149 accipere.

944 2167 978 2181 21.
997 2159 1130 2181 Similitudo
1164 2159 1367 2186 multiplicationis
1400 2160 1502 2182 secunda
1535 2168 1570 2182 om

903 2200 922 2219 e!
934 2197 967 2218 sic
980 2197 1049 2223 infra.
1112 2197 1202 2219 numeri
1215 2204 1300 2219 nouem
1313 2202 1355 2219 om.

944 2241 977 2255 22.
995 2234 1067 2256 ducas
1074 2241 1205 2261 numerum,
1214 2238 1235 2256 et
1245 2234 1303 2256 fiunt
1312 2242 1325 2260 9
1333 2242 1378 2262 que
1385 2235 1403 2256 si
1414 2235 1528 2261 (similiter
1535 2234 1577 2260 D).

943 2279 977 2297 23.
995 2271 1039 2293 hoc
1048 2275 1083 2294 est
1094 2279 1147 2294 cum
1158 2272 1285 2294 nouenario
1295 2279 1338 2294 om.
1401 2272 1466 2294 cuius
1479 2274 1503 2297 -l-
1514 2272 1577 2294 vide-

904 2308 964 2330 licet.

944 2353 977 2372 24.
995 2346 1034 2373 qui
1046 2346 1132 2368 scilicet
1143 2346 1218 2368 tribus
1228 2346 1346 2369 radicibus
1356 2347 1476 2369 nouenan'i
1487 2346 1577 2369 numeri

903 2383 997 2405 videtur
1008 2383 1098 2410 equalis
1111 2384 1162 2408 (om.
1176 2384 1218 2409 D),

943 2422 977 2442 26.
996 2421 1025 2443 Et
1043 2425 1083 2447 pro
1101 2421 1146 2443 Sed
1164 2421 1194 2443 D.

902 2457 958 2480 dicti
970 2458 1060 2480 numeri
1072 2466 1115 2480 om.

942 2502 976 2521 27.
994 2495 1149 2522 multiplicare
1175 2499 1214 2522 pro
1241 2495 1339 2521 habere;
1374 2495 1530 2523 multiplicare
1556 2495 1575 2518 C

901 2534 940 2556 sed
950 2534 992 2556 del.
1051 2534 1144 2561 fietque.
1206 2533 1261 2560 quia
1273 2536 1314 2559 pro
1325 2539 1404 2559 quam.

942 2577 976 2596 ²9-
993 2576 1065 2596 quam
1077 2573 1116 2595 pru
1128 2576 1196 2595 quae.

940 2614 976 2633 30.
994 2606 1146 2628 medietatem
1159 2613 1201 2628 om.

1257 2421 1341 2443 radicis
1357 2429 1400 2443 om.
1418 2421 1445 2443 V.
1508 2428 1576 2448 saepe

1264 2605 1354 2628 numeri
1367 2613 1410 2627 om.
1423 2605 1451 2628 V.
