1780 2995
258 279 319 309 124

591 272 714 299 LIBER
742 271 953 299 ALGEBRAE
980 272 1031 299 ET
1057 271 1327 299 ALMUCABOLA

233 378 243 392 1
298 363 356 393 His
371 362 466 401 igitur
481 362 601 392 duobus
616 362 716 392 modis
731 362 834 392 omnia
849 372 928 401 quae
943 362 1064 392 venalia
1079 362 1235 399 dicuntur,
1251 362 1368 401 absque
1382 361 1465 392 omni
1480 372 1579 392 errore
1593 372 1662 401 pos·

255 418 329 443 sunt
343 413 481 450 tractari,
495 413 520 442 si
533 412 608 442 deus
621 412 762 442 voluerit.

697 504 835 542 Quaestio
850 514 901 533 seu
915 503 1101 541 interrogatio
1116 504 1215 533 vltima

295 589 398 618 Homo
413 588 444 618 in
458 588 549 618 vinea
563 599 601 626 30
615 588 722 617 diebus
736 598 792 626 pro
807 588 912 617 decern
928 587 1059 616 denariis
1075 586 1267 623 conducitur,
1282 596 1318 615 ex
1331 586 1443 624 quibus
1457 590 1602 624 operatus
1616 590 1662 615 est

231 649 242 669 5
255 648 306 668 sex
321 638 439 675 diebus,
455 643 609 677 quantum
625 648 695 676 ergo
710 638 803 676 precii
819 637 915 667 totius
931 637 1024 666 debet
1039 637 1199 675 accipere?

295 688 456 726 Expositio
477 688 567 718 huius
588 692 644 724 est,
666 688 813 726 quoniam
834 687 1035 716 manifestum
1055 691 1102 716 est
1122 686 1206 725 quod
1226 696 1277 715 sex
1297 685 1361 715 dies
1381 686 1523 724 quintam
1543 690 1662 723 partem

255 738 352 768 totius
366 739 513 777 temporis
527 738 709 776 adimplent,
724 742 755 767 et
769 737 852 776 quod
865 737 922 766 hoc
936 737 1020 776 quod
1033 747 1068 766 ex
1080 737 1182 775 precio
1196 736 1222 765 ei
1235 736 1429 773 contingerit,
1443 736 1481 765 sit
1496 735 1663 765 secundum

255 789 339 827 quod
354 789 419 827 ipse
435 799 470 818 ex
487 792 554 818 toto
570 792 719 826 tempore,
737 787 851 817 scilicet
868 797 903 816 ex
919 797 956 825 30
973 787 1091 823 diebus,
1108 786 1148 816 sit
1164 790 1320 824 operatus.

629 837 783 876 Quoniam
802 836 926 876 quando
945 846 1082 866 mensem
1100 836 1132 865 id
1150 841 1196 865 est
1215 846 1253 874 30
1271 836 1335 865 dies
1354 835 1459 865 dixisti
1478 835 1664 864 Almuzahar

255 849 333 876 mus,
352 839 395 868 sic
413 838 586 877 exponitur.

1363 785 1453 823 Quod
1469 790 1574 815 autem
1589 785 1664 814 dixi-

215 903 244 918 10
255 889 431 928 protulisti;
458 893 489 918 et
505 887 630 927 quando
649 898 683 917 10
699 887 812 924 dixisti,
828 887 986 923 Alszarar;
1013 886 1138 925 quando
1153 886 1225 915 vero
1241 888 1257 915 6
1273 886 1347 922 dies,
1362 885 1515 915 Alrnuhen
1530 895 1664 923 pronun-

256 939 353 975 ciasti,
373 939 499 978 quando
518 938 628 967 deinde
647 937 750 967 dixisti
769 942 923 975 quantum
940 936 1034 974 precii
1052 936 1079 965 ei
1097 936 1291 973 contingerit,
1311 935 1480 965 Alchemon
1499 935 1662 964 nunciasti.

256 989 434 1027 Multiplica
446 999 517 1026 ergo
529 988 680 1024 Alszarar,
691 988 744 1026 qui
757 992 830 1017 sunt
847 997 891 1023 10,
903 997 973 1016 cum
986 986 1139 1015 Almuhen
1152 986 1205 1024 qui
1219 986 1245 1015 ei
1259 985 1436 1024 opponitur,
1447 985 1479 1014 id
1492 989 1538 1014 est
1552 994 1622 1014 cum
1636 986 1663 1021 6,

255 1044 286 1069 et
297 1039 382 1078 quod
393 1049 429 1068 ex
440 1038 699 1076 multiplicatione
715 1037 891 1073 excreuerit,
904 1039 942 1066 60
958 1036 1082 1073 scilicet,
1095 1036 1126 1065 in
1138 1046 1175 1074 30
1186 1035 1374 1065 Almuzahar
1385 1035 1498 1071 diuide,
1510 1039 1541 1064 et
1552 1038 1663 1064 exeunt

258 1100 271 1119 2
288 1089 414 1125 denarii,
431 1093 461 1118 et
476 1088 534 1127 ipsi
549 1093 639 1118 erunt
654 1088 833 1124 Alchemon,
848 1087 880 1116 id
895 1091 941 1116 est
955 1096 1026 1125 pars
1042 1096 1121 1125 quae
1135 1085 1252 1115 homini
1267 1085 1460 1123 contingerit.

218 1174 244 1195 15
295 1165 363 1194 Hoc
379 1164 471 1202 igitur
487 1163 578 1193 modo
594 1163 741 1202 quicquid
756 1163 846 1192 huius
863 1162 919 1191 tibi
934 1161 1129 1200 propositum
1150 1160 1253 1197 fuerit,
1269 1170 1305 1190 ex
1319 1160 1409 1189 rebus
1425 1159 1585 1189 venalibus
1600 1159 1664 1188 siue

256 1215 453 1253 ponderibus,
469 1224 522 1243 seu
537 1224 573 1243 ex
587 1213 730 1242 omnibus
746 1223 825 1251 quae
840 1212 880 1241 ad
894 1212 969 1241 haec
984 1211 1130 1247 attinent,
1146 1210 1299 1248 agendum
1314 1210 1380 1239 erit.

295 1291 377 1319 Laus
391 1289 448 1319 deo
462 1294 584 1328 praeter
598 1299 689 1327 quern
704 1298 765 1318 non
780 1292 825 1318 est
840 1287 926 1317 alius.

297 1365 379 1394 Finis
398 1365 467 1394 libri
486 1363 719 1394 restaurationis
738 1367 769 1393 et
788 1361 990 1400 oppositionis
1010 1361 1128 1390 numeri
1151 1370 1244 1399 quem
1263 1360 1418 1389 Robertus
1438 1357 1608 1389 Cestrensis
1627 1357 1665 1387 de

258 1415 389 1445 Arabico
400 1415 431 1443 in
447 1414 580 1444 latinum
591 1414 623 1443 in
635 1414 762 1443 ciuitate
775 1412 948 1443 Secobiensi
959 1411 1129 1447 transtulit,
1143 1409 1224 1446 [Era]
1237 1420 1318 1439 anno
1329 1409 1488 1439 millesimo
1499 1408 1666 1438 centesimo

218 1482 247 1497 κο
258 1465 444 1503 octogesimo
460 1464 561 1493 tertio.

305 1555 323 1569 1.
340 1547 404 1569 omni
413 1554 455 1568 om.
466 1546 496 1568 D.
560 1553 581 1572 4.
597 1545 727 1572 dragmata.

304 1592 323 1611 5.
342 1584 453 1611 precium.

303 1623 323 1644 6.
341 1621 404 1648 quod
430 1621 477 1643 iam
504 1623 544 1647 pro
576 1619 696 1647 quoniam.
758 1618 869 1646 quoniam
895 1621 935 1645 pro

258 1659 328 1687 quod.
392 1661 484 1685 partem
496 1665 539 1679 om.

304 1703 324 1723 7.
342 1696 428 1718 mensis
439 1699 479 1722 pro
491 1695 566 1717 totius
576 1694 696 1721 temporis.
760 1693 823 1721 quod
833 1694 839 1708 ¹
850 1700 892 1716 om.
904 1693 935 1715 D.

258 1734 307 1757 eius
317 1737 356 1761 pro
367 1734 387 1756 ei
397 1734 425 1755 V.

304 1773 324 1794 8.
341 1779 368 1794 ex
380 1778 465 1793 mense.
528 1769 614 1792 scilicet
626 1777 653 1792 ex
665 1776 693 1796 30
704 1768 786 1791 diebus
797 1776 840 1791 om.

304 1815 325 1833 9.
343 1806 491 1829 Almuszarat
503 1805 530 1828 C.

307 1852 340 1866 10.
358 1843 437 1866 dixisti
454 1851 481 1865 10
497 1846 519 1868 4—
530 1842 616 1865 dixisti.

259 1881 315 1904 dies.

307 1927 341 1941 11.
358 1919 390 1940 Et
401 1917 497 1945 quando
508 1917 594 1940 dixisti.

307 1963 341 1979 12.
358 1955 382 1978 id
393 1959 428 1978 est
440 1963 468 1978 10
477 1955 511 1982 V;
533 1962 560 1977 10
570 1955 601 1976 D.

679 1845 702 1864 et
718 1841 813 1869 quando
828 1843 842 1864 6
857 1840 935 1863 dixisti

665 1955 678 1976 6
695 1956 716 1979 -4-
726 1957 750 1976 et
761 1953 817 1976 fient
829 1954 865 1975 60.

1035 1549 1068 1568 13.
1086 1543 1115 1564 60
1135 1541 1223 1564 scilicet
1243 1548 1286 1563 om.
1349 1547 1418 1567 super
1439 1547 1474 1566 30,
1495 1539 1519 1562 id
1540 1542 1575 1562 est
1596 1546 1665 1566 super

987 1578 1122 1601 Almusarar
1136 1578 1271 1605 (Almuzaar
1283 1578 1316 1604 D)
1329 1581 1353 1600 et
1365 1581 1433 1600 erunt
1445 1577 1492 1599 duo
1504 1577 1628 1603 dragmata
1640 1579 1664 1599 et

987 1617 1044 1644 ipsa.

1034 1661 1068 1681 14.
1085 1657 1154 1676 erunt
1165 1661 1207 1675 om.
1220 1653 1250 1675 D.
1314 1652 1429 1679 contingit
1441 1652 1472 1673 D.

1035 1698 1068 1718 15.
1086 1691 1137 1713 Hoc
1148 1698 1201 1717 ergo
1212 1690 1282 1712 modo
1293 1693 1411 1717 quotquot
1423 1689 1465 1711 tibi
1479 1688 1548 1711 huius
1558 1688 1664 1715 positum

987 1729 1020 1755 V;
1051 1729 1127 1750 Huius
1148 1736 1201 1755 ergo
1223 1727 1286 1750 modi
1307 1727 1419 1754 quicquid
1440 1726 1484 1748 nisi
1505 1726 1610 1753 positum
1631 1725 1664 1747 D.

987 1765 1109 1789 venalibus
1126 1768 1147 1790 «1-
1157 1773 1184 1788 ac
1197 1765 1255 1787 aliis.

1035 1805 1068 1825 16.
1100 1803 1136 1825 his
1145 1803 1178 1829 V;
1197 1803 1241 1824 hiis
1250 1803 1272 1824 D
1283 1806 1323 1829 pro
1333 1801 1362 1824 ad
1372 1801 1436 1824 haec.
1507 1804 1549 1823 est.

1034 1847 1112 1867 17-20.
1144 1848 1186 1862 om.
1199 1840 1230 1862 D.

1035 1885 1068 1904 17.
1086 1878 1137 1900 Deo
1149 1878 1238 1904 gracias
1248 1877 1276 1899 V.

1035 1916 1068 1937 18.
1086 1915 1187 1942 Explicit
1199 1915 1227 1937 V.

1035 1960 1068 1979 19-
1086 1951 1228 1975 Sectobiensi
1239 1951 1268 1974 V.
1330 1951 1378 1973 Era.
1389 1951 1416 1973 M
1429 1950 1448 1973 C
1460 1950 1535 1973 lxxm'ii
1546 1950 1574 1972 V.
