<?xml version="1.0" encoding="UTF-8"?>
<!DOCTYPE html PUBLIC "-//W3C//DTD XHTML 1.0 Transitional//EN"
    "http://www.w3.org/TR/xhtml1/DTD/xhtml1-transitional.dtd">
<html xmlns="http://www.w3.org/1999/xhtml" xml:lang="en" lang="en">
 <head>
  <title>
</title>
<meta http-equiv="Content-Type" content="text/html;charset=utf-8" />
  <meta name='ocr-system' content='tesseract 3.04.00' />
  <meta name='ocr-capabilities' content='ocr_page ocr_carea ocr_par ocr_line ocrx_word'/>
</head>
<body>
  <div class='ocr_page' id='page_1' title='image "./robertofchesters00khuw_0033.png"; bbox 0 0 1780 2995; ppageno 0'>
   <div class='ocr_carea' id='block_1_1' title="bbox 334 240 1557 279">
    <p class='ocr_par' dir='ltr' id='par_1_1' title="bbox 334 240 1557 279">
     <span class='ocr_line' id='line_1_1' title="bbox 334 240 1557 279; baseline 0.002 -12"><span class='ocrx_word' id='word_1_1' title='bbox 334 241 668 269; x_wconf 84' lang='lat' dir='ltr'>AL—KHOWARIZMI</span> <span class='ocrx_word' id='word_1_2' title='bbox 694 240 778 268; x_wconf 89' lang='lat' dir='ltr'>AND</span> <span class='ocrx_word' id='word_1_3' title='bbox 806 240 870 268; x_wconf 88' lang='lat' dir='ltr'>HIS</span> <span class='ocrx_word' id='word_1_4' title='bbox 897 240 1090 267; x_wconf 86' lang='lat' dir='ltr'>TREATISE</span> <span class='ocrx_word' id='word_1_5' title='bbox 1118 240 1172 267; x_wconf 91' lang='grc' dir='ltr'>ΟΝ</span> <span class='ocrx_word' id='word_1_6' title='bbox 1198 240 1382 267; x_wconf 89' lang='lat' dir='ltr'>ALGEBRA</span> <span class='ocrx_word' id='word_1_7' title='bbox 1522 248 1557 279; x_wconf 85' lang='lat'>15</span> 
     </span>
    </p>
   </div>
   <div class='ocr_carea' id='block_1_2' title="bbox 160 330 1560 1196">
    <p class='ocr_par' dir='ltr' id='par_1_2' title="bbox 160 330 1560 786">
     <span class='ocr_line' id='line_1_2' title="bbox 161 330 1558 379; baseline -0.001 -13"><span class='ocrx_word' id='word_1_8' title='bbox 161 331 306 379; x_wconf 83' lang='lat' dir='ltr'>change</span> <span class='ocrx_word' id='word_1_9' title='bbox 330 332 396 366; x_wconf 91' lang='lat' dir='ltr'>has</span> <span class='ocrx_word' id='word_1_10' title='bbox 421 331 533 367; x_wconf 86' lang='lat' dir='ltr'>taken</span> <span class='ocrx_word' id='word_1_11' title='bbox 559 331 662 378; x_wconf 89' lang='lat' dir='ltr'>place</span> <span class='ocrx_word' id='word_1_12' title='bbox 689 331 785 372; x_wconf 89' lang='lat' dir='ltr'>here,</span> <span class='ocrx_word' id='word_1_13' title='bbox 806 330 988 378; x_wconf 76' lang='lat' dir='ltr'>although</span> <span class='ocrx_word' id='word_1_14' title='bbox 1014 330 1088 365; x_wconf 89' lang='lat' dir='ltr'>this</span> <span class='ocrx_word' id='word_1_15' title='bbox 1114 336 1213 365; x_wconf 90' lang='lat' dir='ltr'>must</span> <span class='ocrx_word' id='word_1_16' title='bbox 1238 330 1333 365; x_wconf 91' lang='lat' dir='ltr'>have</span> <span class='ocrx_word' id='word_1_17' title='bbox 1353 330 1447 366; x_wconf 91' lang='lat' dir='ltr'>been</span> <span class='ocrx_word' id='word_1_18' title='bbox 1471 331 1558 366; x_wconf 86' lang='lat' dir='ltr'>rela-</span> 
     </span>
     <span class='ocr_line' id='line_1_3' title="bbox 162 388 1559 437; baseline 0 -13"><span class='ocrx_word' id='word_1_19' title='bbox 162 389 275 437; x_wconf 92' lang='lat' dir='ltr'>tively</span> <span class='ocrx_word' id='word_1_20' title='bbox 306 389 406 437; x_wconf 81' lang='lat' dir='ltr'>early</span> <span class='ocrx_word' id='word_1_21' title='bbox 437 389 539 425; x_wconf 88' lang='lat' dir='ltr'>since</span> <span class='ocrx_word' id='word_1_22' title='bbox 575 390 643 424; x_wconf 91' lang='lat' dir='ltr'>Ibn</span> <span class='ocrx_word' id='word_1_23' title='bbox 676 389 844 433; x_wconf 78' lang='lat' dir='ltr'>al-Qifti‚1</span> <span class='ocrx_word' id='word_1_24' title='bbox 877 389 961 424; x_wconf 90' lang='lat' dir='ltr'>who</span> <span class='ocrx_word' id='word_1_25' title='bbox 992 388 1078 424; x_wconf 88' lang='lat' dir='ltr'>died</span> <span class='ocrx_word' id='word_1_26' title='bbox 1115 388 1152 423; x_wconf 92' lang='lat' dir='ltr'>in</span> <span class='ocrx_word' id='word_1_27' title='bbox 1194 391 1286 433; x_wconf 85' lang='lat'>1248</span> <span class='ocrx_word' id='word_1_28' title='bbox 1318 401 1398 430; x_wconf 80' lang='lat' dir='ltr'>A.D.,</span> <span class='ocrx_word' id='word_1_29' title='bbox 1431 388 1468 424; x_wconf 91' lang='lat' dir='ltr'>in</span> <span class='ocrx_word' id='word_1_30' title='bbox 1501 389 1559 424; x_wconf 88' lang='lat' dir='ltr'>his</span> 
     </span>
     <span class='ocr_line' id='line_1_4' title="bbox 165 447 1560 496; baseline -0.001 -13"><span class='ocrx_word' id='word_1_31' title='bbox 165 448 379 483; x_wconf 72' lang='lat' dir='ltr'>Clzronz&#39;cles</span> <span class='ocrx_word' id='word_1_32' title='bbox 396 449 445 496; x_wconf 87' lang='lat' dir='ltr'>of</span> <span class='ocrx_word' id='word_1_33' title='bbox 460 448 518 483; x_wconf 61' lang='lat' dir='ltr'>tlte</span> <span class='ocrx_word' id='word_1_34' title='bbox 536 448 715 489; x_wconf 77' lang='lat' dir='ltr'>Learned,</span> <span class='ocrx_word' id='word_1_35' title='bbox 741 447 846 496; x_wconf 82' lang='lat' dir='ltr'><strong>gives</strong></span> <span class='ocrx_word' id='word_1_36' title='bbox 872 447 934 483; x_wconf 89' lang='lat' dir='ltr'>the</span> <span class='ocrx_word' id='word_1_37' title='bbox 959 460 1060 483; x_wconf 85' lang='lat' dir='ltr'>same</span> <span class='ocrx_word' id='word_1_38' title='bbox 1084 452 1244 483; x_wconf 85' lang='lat' dir='ltr'>account</span> <span class='ocrx_word' id='word_1_39' title='bbox 1267 447 1304 482; x_wconf 84' lang='lat' dir='ltr'>of</span> <span class='ocrx_word' id='word_1_40' title='bbox 1330 447 1560 483; x_wconf 85' lang='lat' dir='ltr'>Al-Khowa-</span> 
     </span>
     <span class='ocr_line' id='line_1_5' title="bbox 162 505 1558 547; baseline 0 -6"><span class='ocrx_word' id='word_1_41' title='bbox 162 506 264 541; x_wconf 90' lang='lat' dir='ltr'>rizmi</span> <span class='ocrx_word' id='word_1_42' title='bbox 285 518 324 541; x_wconf 86' lang='lat' dir='ltr'>as</span> <span class='ocrx_word' id='word_1_43' title='bbox 346 506 564 543; x_wconf 85' lang='lat' dir='ltr'>Al-Nadim.</span> <span class='ocrx_word' id='word_1_44' title='bbox 623 506 898 547; x_wconf 88' lang='lat' dir='ltr'>Furthermore,</span> <span class='ocrx_word' id='word_1_45' title='bbox 916 506 978 541; x_wconf 91' lang='lat' dir='ltr'>the</span> <span class='ocrx_word' id='word_1_46' title='bbox 994 505 1129 541; x_wconf 83' lang='lat' dir='ltr'>author</span> <span class='ocrx_word' id='word_1_47' title='bbox 1148 506 1185 541; x_wconf 78' lang='lat' dir='ltr'>of</span> <span class='ocrx_word' id='word_1_48' title='bbox 1204 505 1266 541; x_wconf 91' lang='lat' dir='ltr'>the</span> <span class='ocrx_word' id='word_1_49' title='bbox 1290 505 1431 541; x_wconf 89' lang='lat' dir='ltr'>Fihrist</span> <span class='ocrx_word' id='word_1_50' title='bbox 1450 506 1558 541; x_wconf 83' lang='lat' dir='ltr'><strong>knew</strong></span> 
     </span>
     <span class='ocr_line' id='line_1_6' title="bbox 161 564 1559 612; baseline 0 -13"><span class='ocrx_word' id='word_1_51' title='bbox 161 564 199 599; x_wconf 85' lang='lat' dir='ltr'>of</span> <span class='ocrx_word' id='word_1_52' title='bbox 227 564 288 599; x_wconf 89' lang='lat' dir='ltr'>the</span> <span class='ocrx_word' id='word_1_53' title='bbox 314 564 474 612; x_wconf 87' lang='lat' dir='ltr'>algebra‚</span> <span class='ocrx_word' id='word_1_54' title='bbox 499 564 557 599; x_wconf 79' lang='lat' dir='ltr'>for</span> <span class='ocrx_word' id='word_1_55' title='bbox 581 564 626 600; x_wconf 88' lang='lat' dir='ltr'>he</span> <span class='ocrx_word' id='word_1_56' title='bbox 653 564 840 600; x_wconf 89' lang='lat' dir='ltr'>mentions</span> <span class='ocrx_word' id='word_1_57' title='bbox 867 577 915 600; x_wconf 93' lang='lat' dir='ltr'>no</span> <span class='ocrx_word' id='word_1_58' title='bbox 940 564 1012 600; x_wconf 90' lang='lat' dir='ltr'>less</span> <span class='ocrx_word' id='word_1_59' title='bbox 1039 564 1130 599; x_wconf 91' lang='lat' dir='ltr'>than</span> <span class='ocrx_word' id='word_1_60' title='bbox 1156 564 1257 599; x_wconf 82' lang='lat' dir='ltr'>three</span> <span class='ocrx_word' id='word_1_61' title='bbox 1284 576 1369 599; x_wconf 94' lang='lat' dir='ltr'>men</span> <span class='ocrx_word' id='word_1_62' title='bbox 1396 576 1435 599; x_wconf 90' lang='lat' dir='ltr'>as</span> <span class='ocrx_word' id='word_1_63' title='bbox 1461 577 1559 599; x_wconf 94' lang='lat' dir='ltr'>com-</span> 
     </span>
     <span class='ocr_line' id='line_1_7' title="bbox 162 622 1557 670; baseline 0 -13"><span class='ocrx_word' id='word_1_64' title='bbox 162 628 367 658; x_wconf 85' lang='lat' dir='ltr'>mentators</span> <span class='ocrx_word' id='word_1_65' title='bbox 395 635 442 658; x_wconf 93' lang='lat' dir='ltr'>on</span> <span class='ocrx_word' id='word_1_66' title='bbox 476 622 538 658; x_wconf 93' lang='lat' dir='ltr'>the</span> <span class='ocrx_word' id='word_1_67' title='bbox 564 622 716 670; x_wconf 84' lang='lat' dir='ltr'>algebra</span> <span class='ocrx_word' id='word_1_68' title='bbox 739 622 777 658; x_wconf 80' lang='lat' dir='ltr'>of</span> <span class='ocrx_word' id='word_1_69' title='bbox 809 622 1052 658; x_wconf 71' lang='lat' dir='ltr'>Moliammed</span> <span class='ocrx_word' id='word_1_70' title='bbox 1085 622 1148 657; x_wconf 89' lang='lat' dir='ltr'>ibn</span> <span class='ocrx_word' id='word_1_71' title='bbox 1179 623 1308 663; x_wconf 88' lang='lat' dir='ltr'>Musa;</span> <span class='ocrx_word' id='word_1_72' title='bbox 1347 622 1465 657; x_wconf 84' lang='lat' dir='ltr'>Sinan</span> <span class='ocrx_word' id='word_1_73' title='bbox 1495 622 1557 658; x_wconf 90' lang='lat' dir='ltr'>ibn</span> 
     </span>
     <span class='ocr_line' id='line_1_8' title="bbox 160 680 1558 722; baseline 0.001 -7"><span class='ocrx_word' id='word_1_74' title='bbox 160 680 306 716; x_wconf 85' lang='lat' dir='ltr'>al-Fath</span> <span class='ocrx_word' id='word_1_75' title='bbox 343 680 381 716; x_wconf 80' lang='lat' dir='ltr'>of</span> <span class='ocrx_word' id='word_1_76' title='bbox 425 681 583 722; x_wconf 87' lang='lat' dir='ltr'>Harran‚</span> <span class='ocrx_word' id='word_1_77' title='bbox 621 680 822 716; x_wconf 86' lang='lat' dir='ltr'>‘Abdallah</span> <span class='ocrx_word' id='word_1_78' title='bbox 863 680 926 716; x_wconf 90' lang='lat' dir='ltr'>ibn</span> <span class='ocrx_word' id='word_1_79' title='bbox 963 681 1146 716; x_wconf 88' lang='lat' dir='ltr'>al-Hasan</span> <span class='ocrx_word' id='word_1_80' title='bbox 1183 680 1449 722; x_wconf 82' lang='lat' dir='ltr'>al-Saidanani‚</span> <span class='ocrx_word' id='word_1_81' title='bbox 1486 681 1558 717; x_wconf 88' lang='lat' dir='ltr'>and</span> 
     </span>
     <span class='ocr_line' id='line_1_9' title="bbox 162 739 1453 786; baseline -0.001 -12"><span class='ocrx_word' id='word_1_82' title='bbox 162 739 405 774; x_wconf 83' lang='lat' dir='ltr'>Abu&#39;l·Wefa</span> <span class='ocrx_word' id='word_1_83' title='bbox 425 739 631 786; x_wconf 85' lang='lat' dir='ltr'>al-Buzjani</span> <span class='ocrx_word' id='word_1_84' title='bbox 650 751 712 775; x_wconf 86' lang='lat' dir='ltr'>are</span> <span class='ocrx_word' id='word_1_85' title='bbox 731 739 896 775; x_wconf 87' lang='lat' dir='ltr'>credited</span> <span class='ocrx_word' id='word_1_86' title='bbox 918 739 1006 774; x_wconf 85' lang='lat' dir='ltr'>with</span> <span class='ocrx_word' id='word_1_87' title='bbox 1025 739 1117 774; x_wconf 89' lang='lat' dir='ltr'>such</span> <span class='ocrx_word' id='word_1_88' title='bbox 1138 739 1453 775; x_wconf 81' lang='lat' dir='ltr'>commentaries.2</span> 
     </span>
    </p>

    <p class='ocr_par' dir='ltr' id='par_1_3' title="bbox 160 797 1560 1196">
     <span class='ocr_line' id='line_1_10' title="bbox 213 797 1558 846; baseline 0 -14"><span class='ocrx_word' id='word_1_89' title='bbox 213 797 294 832; x_wconf 93' lang='lat' dir='ltr'>The</span> <span class='ocrx_word' id='word_1_90' title='bbox 315 797 526 833; x_wconf 86' lang='lat' dir='ltr'>arithmetic</span> <span class='ocrx_word' id='word_1_91' title='bbox 547 797 584 832; x_wconf 80' lang='lat' dir='ltr'>of</span> <span class='ocrx_word' id='word_1_92' title='bbox 605 797 929 833; x_wconf 85' lang='lat' dir='ltr'>Al—Khowarizmi</span> <span class='ocrx_word' id='word_1_93' title='bbox 949 797 1016 833; x_wconf 75' lang='lat' dir='ltr'>lias</span> <span class='ocrx_word' id='word_1_94' title='bbox 1035 809 1141 833; x_wconf 91' lang='lat' dir='ltr'>come</span> <span class='ocrx_word' id='word_1_95' title='bbox 1160 797 1271 833; x_wconf 88' lang='lat' dir='ltr'>down</span> <span class='ocrx_word' id='word_1_96' title='bbox 1292 803 1330 833; x_wconf 93' lang='lat' dir='ltr'>to</span> <span class='ocrx_word' id='word_1_97' title='bbox 1351 810 1393 833; x_wconf 91' lang='lat' dir='ltr'>us</span> <span class='ocrx_word' id='word_1_98' title='bbox 1413 798 1501 846; x_wconf 88' lang='lat' dir='ltr'>only</span> <span class='ocrx_word' id='word_1_99' title='bbox 1522 797 1558 832; x_wconf 90' lang='lat' dir='ltr'>in</span> 
     </span>
     <span class='ocr_line' id='line_1_11' title="bbox 160 855 1560 904; baseline 0.001 -14"><span class='ocrx_word' id='word_1_100' title='bbox 160 867 181 890; x_wconf 87' lang='lat' dir='ltr'>a</span> <span class='ocrx_word' id='word_1_101' title='bbox 204 855 313 890; x_wconf 89' lang='lat' dir='ltr'>Latin</span> <span class='ocrx_word' id='word_1_102' title='bbox 340 855 569 897; x_wconf 83' lang='lat' dir='ltr'>translation,</span> <span class='ocrx_word' id='word_1_103' title='bbox 589 856 662 892; x_wconf 87' lang='lat' dir='ltr'>and</span> <span class='ocrx_word' id='word_1_104' title='bbox 691 855 764 891; x_wconf 88' lang='lat' dir='ltr'>this</span> <span class='ocrx_word' id='word_1_105' title='bbox 786 855 955 891; x_wconf 87' lang='lat' dir='ltr'>survives</span> <span class='ocrx_word' id='word_1_106' title='bbox 979 855 1015 890; x_wconf 89' lang='lat' dir='ltr'>in</span> <span class='ocrx_word' id='word_1_107' title='bbox 1036 869 1057 891; x_wconf 90' lang='lat' dir='ltr'>a</span> <span class='ocrx_word' id='word_1_108' title='bbox 1077 855 1217 903; x_wconf 87' lang='lat' dir='ltr'>unique</span> <span class='ocrx_word' id='word_1_109' title='bbox 1236 868 1332 903; x_wconf 92' lang='lat' dir='ltr'>copy</span> <span class='ocrx_word' id='word_1_110' title='bbox 1353 856 1560 904; x_wconf 84' lang='lat' dir='ltr'>belonging</span> 
     </span>
     <span class='ocr_line' id='line_1_12' title="bbox 161 913 1558 962; baseline 0 -13"><span class='ocrx_word' id='word_1_111' title='bbox 161 921 199 949; x_wconf 90' lang='lat' dir='ltr'>to</span> <span class='ocrx_word' id='word_1_112' title='bbox 223 914 286 949; x_wconf 92' lang='lat' dir='ltr'>the</span> <span class='ocrx_word' id='word_1_113' title='bbox 312 913 448 962; x_wconf 85' lang='lat' dir='ltr'>library</span> <span class='ocrx_word' id='word_1_114' title='bbox 467 914 505 950; x_wconf 80' lang='lat' dir='ltr'>of</span> <span class='ocrx_word' id='word_1_115' title='bbox 531 914 593 950; x_wconf 88' lang='lat' dir='ltr'>the</span> <span class='ocrx_word' id='word_1_116' title='bbox 623 913 840 962; x_wconf 89' lang='lat' dir='ltr'>University</span> <span class='ocrx_word' id='word_1_117' title='bbox 859 914 896 949; x_wconf 78' lang='lat' dir='ltr'>ot</span> <span class='ocrx_word' id='word_1_118' title='bbox 920 914 1155 962; x_wconf 83' lang='lat' dir='ltr'>Cambridge,</span> <span class='ocrx_word' id='word_1_119' title='bbox 1176 914 1374 961; x_wconf 87' lang='lat' dir='ltr'>published</span> <span class='ocrx_word' id='word_1_120' title='bbox 1401 914 1438 949; x_wconf 91' lang='lat' dir='ltr'>in</span> <span class='ocrx_word' id='word_1_121' title='bbox 1467 917 1558 960; x_wconf 88' lang='lat'>1857</span> 
     </span>
     <span class='ocr_line' id='line_1_13' title="bbox 161 972 1559 1020; baseline 0.001 -13"><span class='ocrx_word' id='word_1_122' title='bbox 161 972 209 1020; x_wconf 94' lang='lat' dir='ltr'>by</span> <span class='ocrx_word' id='word_1_123' title='bbox 231 972 362 1008; x_wconf 89' lang='lat' dir='ltr'>Prince</span> <span class='ocrx_word' id='word_1_124' title='bbox 386 972 604 1008; x_wconf 80' lang='lat' dir='ltr'>Baldassare</span> <span class='ocrx_word' id='word_1_125' title='bbox 632 972 941 1020; x_wconf 83' lang='lat' dir='ltr'>Boncompagni.³</span> <span class='ocrx_word' id='word_1_126' title='bbox 995 972 1144 1008; x_wconf 86' lang='lat' dir='ltr'>Several</span> <span class='ocrx_word' id='word_1_127' title='bbox 1170 972 1401 1009; x_wconf 76' lang='lat' dir='ltr'>references4</span> <span class='ocrx_word' id='word_1_128' title='bbox 1424 973 1461 1008; x_wconf 89' lang='lat' dir='ltr'>in</span> <span class='ocrx_word' id='word_1_129' title='bbox 1485 973 1559 1008; x_wconf 87' lang='lat' dir='ltr'>this</span> 
     </span>
     <span class='ocr_line' id='line_1_14' title="bbox 160 1030 1560 1067; baseline 0.001 -1"><span class='ocrx_word' id='word_1_130' title='bbox 160 1030 262 1066; x_wconf 85' lang='lat' dir='ltr'>work</span> <span class='ocrx_word' id='word_1_131' title='bbox 289 1036 327 1066; x_wconf 90' lang='lat' dir='ltr'>to</span> <span class='ocrx_word' id='word_1_132' title='bbox 353 1031 416 1066; x_wconf 90' lang='lat' dir='ltr'>the</span> <span class='ocrx_word' id='word_1_133' title='bbox 442 1030 593 1066; x_wconf 88' lang='lat' dir='ltr'>writer&#39;s</span> <span class='ocrx_word' id='word_1_134' title='bbox 621 1031 730 1066; x_wconf 90' lang='lat' dir='ltr'>other</span> <span class='ocrx_word' id='word_1_135' title='bbox 757 1031 856 1066; x_wconf 91' lang='lat' dir='ltr'>book</span> <span class='ocrx_word' id='word_1_136' title='bbox 885 1043 936 1066; x_wconf 93' lang='lat' dir='ltr'>on</span> <span class='ocrx_word' id='word_1_137' title='bbox 967 1030 1177 1066; x_wconf 88' lang='lat' dir='ltr'>arithmetic</span> <span class='ocrx_word' id='word_1_138' title='bbox 1210 1031 1319 1067; x_wconf 86' lang='lat' dir='ltr'>make</span> <span class='ocrx_word' id='word_1_139' title='bbox 1353 1031 1380 1066; x_wconf 88' lang='lat' dir='ltr'>it</span> <span class='ocrx_word' id='word_1_140' title='bbox 1409 1031 1560 1067; x_wconf 87' lang='lat' dir='ltr'>evident</span> 
     </span>
     <span class='ocr_line' id='line_1_15' title="bbox 160 1088 1559 1137; baseline 0.001 -13"><span class='ocrx_word' id='word_1_141' title='bbox 160 1089 240 1124; x_wconf 86' lang='lat' dir='ltr'>that</span> <span class='ocrx_word' id='word_1_142' title='bbox 260 1089 322 1124; x_wconf 92' lang='lat' dir='ltr'>the</span> <span class='ocrx_word' id='word_1_143' title='bbox 344 1089 667 1124; x_wconf 84' lang='lat' dir='ltr'>Al-Khowarizmi</span> <span class='ocrx_word' id='word_1_144' title='bbox 691 1089 728 1124; x_wconf 90' lang='lat' dir='ltr'>in</span> <span class='ocrx_word' id='word_1_145' title='bbox 753 1088 925 1136; x_wconf 84' lang='lat' dir='ltr'>question</span> <span class='ocrx_word' id='word_1_146' title='bbox 950 1089 979 1124; x_wconf 90' lang='lat' dir='ltr'>is</span> <span class='ocrx_word' id='word_1_147' title='bbox 1006 1088 1068 1124; x_wconf 89' lang='lat' dir='ltr'>the</span> <span class='ocrx_word' id='word_1_148' title='bbox 1095 1089 1230 1124; x_wconf 87' lang='lat' dir='ltr'>author</span> <span class='ocrx_word' id='word_1_149' title='bbox 1252 1089 1289 1125; x_wconf 77' lang='lat' dir='ltr'>of</span> <span class='ocrx_word' id='word_1_150' title='bbox 1311 1089 1375 1125; x_wconf 88' lang='lat' dir='ltr'>the</span> <span class='ocrx_word' id='word_1_151' title='bbox 1398 1090 1559 1137; x_wconf 86' lang='lat' dir='ltr'>algebra.</span> 
     </span>
     <span class='ocr_line' id='line_1_16' title="bbox 162 1146 1560 1196; baseline 0.001 -14"><span class='ocrx_word' id='word_1_152' title='bbox 162 1146 245 1182; x_wconf 85' lang='lat' dir='ltr'>Our</span> <span class='ocrx_word' id='word_1_153' title='bbox 263 1148 363 1183; x_wconf 89' lang='lat' dir='ltr'>word</span> <span class='ocrx_word' id='word_1_154' title='bbox 382 1147 573 1195; x_wconf 75' lang='lat' dir='ltr'>algorism,</span> <span class='ocrx_word' id='word_1_155' title='bbox 593 1160 634 1182; x_wconf 86' lang='lat' dir='ltr'>as</span> <span class='ocrx_word' id='word_1_156' title='bbox 653 1147 734 1183; x_wconf 91' lang='lat' dir='ltr'>well</span> <span class='ocrx_word' id='word_1_157' title='bbox 753 1160 792 1183; x_wconf 91' lang='lat' dir='ltr'>as</span> <span class='ocrx_word' id='word_1_158' title='bbox 816 1147 879 1183; x_wconf 88' lang='lat' dir='ltr'>the</span> <span class='ocrx_word' id='word_1_159' title='bbox 900 1147 1065 1183; x_wconf 91' lang='lat' dir='ltr'>obsolete</span> <span class='ocrx_word' id='word_1_160' title='bbox 1089 1147 1182 1182; x_wconf 82' lang='lat' dir='ltr'>form</span> <span class='ocrx_word' id='word_1_161' title='bbox 1202 1149 1380 1195; x_wconf 76' lang='lat' dir='ltr'>augrz&#39;m‚⁵</span> <span class='ocrx_word' id='word_1_162' title='bbox 1401 1149 1491 1184; x_wconf 84' lang='lat' dir='ltr'>used</span> <span class='ocrx_word' id='word_1_163' title='bbox 1512 1148 1560 1196; x_wconf 94' lang='lat' dir='ltr'>by</span> 
     </span>
    </p>
   </div>
   <div class='ocr_carea' id='block_1_3' title="bbox 159 1237 1560 2617">
    <p class='ocr_par' dir='ltr' id='par_1_4' title="bbox 163 1237 1559 1314">
     <span class='ocr_line' id='line_1_17' title="bbox 207 1237 1559 1272; baseline 0.001 -10"><span class='ocrx_word' id='word_1_164' title='bbox 207 1237 216 1252; x_wconf 88' lang='lat'>¹</span> <span class='ocrx_word' id='word_1_165' title='bbox 232 1237 319 1269; x_wconf 67' lang='lat' dir='ltr'>Smer,</span> <span class='ocrx_word' id='word_1_166' title='bbox 333 1237 379 1262; x_wconf 79' lang='lat' dir='ltr'>loc.</span> <span class='ocrx_word' id='word_1_167' title='bbox 395 1238 449 1269; x_wconf 84' lang='lat' dir='ltr'>cit.‚</span> <span class='ocrx_word' id='word_1_168' title='bbox 463 1246 508 1271; x_wconf 89' lang='lat' dir='ltr'>pp.</span> <span class='ocrx_word' id='word_1_169' title='bbox 525 1237 626 1271; x_wconf 65' lang='lat' dir='ltr'><strong>6z-632</strong></span> <span class='ocrx_word' id='word_1_170' title='bbox 648 1237 743 1268; x_wconf 82' lang='lat' dir='ltr'>Casiri,</span> <span class='ocrx_word' id='word_1_171' title='bbox 759 1238 922 1263; x_wconf 75' lang='lat' dir='ltr'>Bibliotheca</span> <span class='ocrx_word' id='word_1_172' title='bbox 936 1238 1199 1271; x_wconf 78' lang='lat' dir='ltr'>Arabico-Hispana</span> <span class='ocrx_word' id='word_1_173' title='bbox 1210 1238 1413 1264; x_wconf 57' lang='lat' dir='ltr'>Escarialenszk</span> <span class='ocrx_word' id='word_1_174' title='bbox 1427 1238 1559 1272; x_wconf 73' lang='lat' dir='ltr'>(Madrid,</span> 
     </span>
     <span class='ocr_line' id='line_1_18' title="bbox 163 1281 1185 1314; baseline 0 -8"><span class='ocrx_word' id='word_1_175' title='bbox 163 1281 343 1313; x_wconf 87' lang='lat'>1760-1770)‚</span> <span class='ocrx_word' id='word_1_176' title='bbox 358 1281 378 1312; x_wconf 85' lang='lat'>1,</span> <span class='ocrx_word' id='word_1_177' title='bbox 391 1289 437 1314; x_wconf 89' lang='lat' dir='ltr'>pp.</span> <span class='ocrx_word' id='word_1_178' title='bbox 453 1281 585 1312; x_wconf 77' lang='lat'>427—428.</span> <span class='ocrx_word' id='word_1_179' title='bbox 625 1281 675 1307; x_wconf 89' lang='lat' dir='ltr'>Ibn</span> <span class='ocrx_word' id='word_1_180' title='bbox 690 1281 796 1314; x_wconf 82' lang='lat' dir='ltr'>al-Qifti</span> <span class='ocrx_word' id='word_1_181' title='bbox 812 1281 948 1307; x_wconf 87' lang='lat' dir='ltr'>mentions</span> <span class='ocrx_word' id='word_1_182' title='bbox 962 1281 1008 1307; x_wconf 89' lang='lat' dir='ltr'>the</span> <span class='ocrx_word' id='word_1_183' title='bbox 1023 1281 1185 1307; x_wconf 89' lang='lat' dir='ltr'>arithmetic.</span> 
     </span>
    </p>

    <p class='ocr_par' dir='ltr' id='par_1_5' title="bbox 207 1323 936 1358">
     <span class='ocr_line' id='line_1_19' title="bbox 207 1323 936 1358; baseline -0.001 -8"><span class='ocrx_word' id='word_1_184' title='bbox 207 1323 217 1339; x_wconf 72' lang='lat'>2</span> <span class='ocrx_word' id='word_1_185' title='bbox 231 1324 317 1355; x_wconf 91' lang='lat' dir='ltr'>Suter,</span> <span class='ocrx_word' id='word_1_186' title='bbox 331 1324 378 1349; x_wconf 82' lang='lat' dir='ltr'>loc.</span> <span class='ocrx_word' id='word_1_187' title='bbox 392 1325 444 1355; x_wconf 72' lang='lat' dir='ltr'>cit.²</span> <span class='ocrx_word' id='word_1_188' title='bbox 458 1333 503 1357; x_wconf 90' lang='lat' dir='ltr'>pp.</span> <span class='ocrx_word' id='word_1_189' title='bbox 520 1331 561 1357; x_wconf 84' lang='lat'>37,</span> <span class='ocrx_word' id='word_1_190' title='bbox 576 1324 618 1357; x_wconf 83' lang='lat'>36,</span> <span class='ocrx_word' id='word_1_191' title='bbox 631 1324 687 1350; x_wconf 86' lang='lat' dir='ltr'>and</span> <span class='ocrx_word' id='word_1_192' title='bbox 700 1332 735 1358; x_wconf 85' lang='lat'>39</span> <span class='ocrx_word' id='word_1_193' title='bbox 748 1324 936 1358; x_wconf 76' lang='lat' dir='ltr'>respectively.</span> 
     </span>
    </p>

    <p class='ocr_par' dir='ltr' id='par_1_6' title="bbox 159 1367 1559 1575">
     <span class='ocr_line' id='line_1_20' title="bbox 206 1367 1558 1402; baseline 0.001 -10"><span class='ocrx_word' id='word_1_194' title='bbox 206 1367 217 1383; x_wconf 83' lang='lat'>³</span> <span class='ocrx_word' id='word_1_195' title='bbox 233 1368 260 1392; x_wconf 85' lang='lat' dir='ltr'><em>T</em></span> <span class='ocrx_word' id='word_1_196' title='bbox 256 1368 359 1392; x_wconf 81' lang='lat' dir='ltr'>rattati</span> <span class='ocrx_word' id='word_1_197' title='bbox 368 1367 390 1392; x_wconf 80' lang='lat' dir='ltr'><em>d</em></span> <span class='ocrx_word' id='word_1_198' title='bbox 395 1368 401 1379; x_wconf 84' lang='lat'>&#39;</span> <span class='ocrx_word' id='word_1_199' title='bbox 414 1368 568 1393; x_wconf 78' lang='lat' dir='ltr'>aritmetz&#39;ca</span> <span class='ocrx_word' id='word_1_200' title='bbox 582 1368 695 1401; x_wconf 69' lang='lat' dir='ltr'>(Romey</span> <span class='ocrx_word' id='word_1_201' title='bbox 709 1368 800 1400; x_wconf 85' lang='grc'>1857),</span> <span class='ocrx_word' id='word_1_202' title='bbox 813 1369 833 1393; x_wconf 95' lang='lat' dir='ltr'>I.</span> <span class='ocrx_word' id='word_1_203' title='bbox 846 1368 1036 1401; x_wconf 54' lang='lat' dir='ltr'>Algoritmide</span> <span class='ocrx_word' id='word_1_204' title='bbox 1045 1376 1160 1393; x_wconf 73' lang='lat' dir='ltr'>numero</span> <span class='ocrx_word' id='word_1_205' title='bbox 1170 1368 1310 1400; x_wconf 81' lang='lat' dir='ltr'>indorum,</span> <span class='ocrx_word' id='word_1_206' title='bbox 1323 1377 1369 1402; x_wconf 89' lang='lat' dir='ltr'>pp.</span> <span class='ocrx_word' id='word_1_207' title='bbox 1386 1376 1459 1402; x_wconf 81' lang='lat'>1—23‚</span> <span class='ocrx_word' id='word_1_208' title='bbox 1472 1369 1558 1395; x_wconf 87' lang='lat' dir='ltr'>which</span> 
     </span>
     <span class='ocr_line' id='line_1_21' title="bbox 160 1410 1559 1444; baseline 0.001 -8"><span class='ocrx_word' id='word_1_209' title='bbox 160 1410 182 1436; x_wconf 89' lang='lat' dir='ltr'>is</span> <span class='ocrx_word' id='word_1_210' title='bbox 196 1410 243 1436; x_wconf 90' lang='lat' dir='ltr'>the</span> <span class='ocrx_word' id='word_1_211' title='bbox 256 1410 410 1437; x_wconf 84' lang='lat' dir='ltr'>arithmetic</span> <span class='ocrx_word' id='word_1_212' title='bbox 427 1410 454 1435; x_wconf 91' lang='lat' dir='ltr'>in</span> <span class='ocrx_word' id='word_1_213' title='bbox 469 1411 604 1444; x_wconf 73' lang='lat' dir='ltr'>question,</span> <span class='ocrx_word' id='word_1_214' title='bbox 618 1411 670 1436; x_wconf 86' lang='lat' dir='ltr'>and</span> <span class='ocrx_word' id='word_1_215' title='bbox 692 1411 769 1437; x_wconf 85' lang='lat' dir='ltr'>bears</span> <span class='ocrx_word' id='word_1_216' title='bbox 786 1411 900 1436; x_wconf 85' lang='lat' dir='ltr'>interna]</span> <span class='ocrx_word' id='word_1_217' title='bbox 918 1411 1048 1437; x_wconf 84' lang='lat' dir='ltr'>evidence</span> <span class='ocrx_word' id='word_1_218' title='bbox 1066 1411 1124 1436; x_wconf 82' lang='lat' dir='ltr'>that</span> <span class='ocrx_word' id='word_1_219' title='bbox 1142 1411 1161 1436; x_wconf 92' lang='lat' dir='ltr'>it</span> <span class='ocrx_word' id='word_1_220' title='bbox 1178 1411 1199 1436; x_wconf 88' lang='lat' dir='ltr'>is</span> <span class='ocrx_word' id='word_1_221' title='bbox 1215 1419 1231 1436; x_wconf 89' lang='lat' dir='ltr'>a</span> <span class='ocrx_word' id='word_1_222' title='bbox 1249 1411 1410 1437; x_wconf 83' lang='lat' dir='ltr'>translation</span> <span class='ocrx_word' id='word_1_223' title='bbox 1427 1412 1496 1437; x_wconf 86' lang='lat' dir='ltr'>from</span> <span class='ocrx_word' id='word_1_224' title='bbox 1513 1412 1559 1437; x_wconf 88' lang='lat' dir='ltr'>the</span> 
     </span>
     <span class='ocr_line' id='line_1_22' title="bbox 160 1454 1559 1489; baseline 0.001 -10"><span class='ocrx_word' id='word_1_225' title='bbox 160 1454 277 1483; x_wconf 80' lang='lat' dir='ltr'>Arabic;</span> <span class='ocrx_word' id='word_1_226' title='bbox 311 1455 347 1479; x_wconf 87' lang='grc' dir='ltr'>ΙΙ.</span> <span class='ocrx_word' id='word_1_227' title='bbox 364 1455 485 1485; x_wconf 79' lang='lat' dir='ltr'>Joanm&#39;s</span> <span class='ocrx_word' id='word_1_228' title='bbox 510 1455 687 1488; x_wconf 71' lang='lat' dir='ltr'>Hispalensis</span> <span class='ocrx_word' id='word_1_229' title='bbox 712 1454 778 1480; x_wconf 77' lang='lat' dir='ltr'>liber</span> <span class='ocrx_word' id='word_1_230' title='bbox 803 1454 947 1488; x_wconf 52' lang='lat' dir='ltr'>algmrismi</span> <span class='ocrx_word' id='word_1_231' title='bbox 969 1455 1001 1480; x_wconf 78' lang='lat' dir='ltr'>de</span> <span class='ocrx_word' id='word_1_232' title='bbox 1021 1455 1134 1488; x_wconf 75' lang='lat' dir='ltr'>pratica</span> <span class='ocrx_word' id='word_1_233' title='bbox 1159 1455 1334 1485; x_wconf 79' lang='lat' dir='ltr'>arismetrice,</span> <span class='ocrx_word' id='word_1_234' title='bbox 1361 1455 1500 1489; x_wconf 85' lang='lat' dir='ltr'>evidently</span> <span class='ocrx_word' id='word_1_235' title='bbox 1524 1464 1559 1481; x_wconf 89' lang='lat' dir='ltr'>an</span> 
     </span>
     <span class='ocr_line' id='line_1_23' title="bbox 159 1497 1558 1532; baseline 0.001 -10"><span class='ocrx_word' id='word_1_236' title='bbox 159 1497 318 1530; x_wconf 82' lang='lat' dir='ltr'>adaptation</span> <span class='ocrx_word' id='word_1_237' title='bbox 340 1497 393 1523; x_wconf 89' lang='lat' dir='ltr'>and</span> <span class='ocrx_word' id='word_1_238' title='bbox 414 1497 600 1531; x_wconf 83' lang='lat' dir='ltr'>enlargement</span> <span class='ocrx_word' id='word_1_239' title='bbox 623 1497 654 1523; x_wconf 91' lang='lat' dir='ltr'>of</span> <span class='ocrx_word' id='word_1_240' title='bbox 671 1497 717 1523; x_wconf 91' lang='lat' dir='ltr'>the</span> <span class='ocrx_word' id='word_1_241' title='bbox 739 1498 893 1532; x_wconf 88' lang='lat' dir='ltr'>preceding.</span> <span class='ocrx_word' id='word_1_242' title='bbox 933 1498 1016 1523; x_wconf 91' lang='lat' dir='ltr'>Some</span> <span class='ocrx_word' id='word_1_243' title='bbox 1035 1498 1114 1523; x_wconf 88' lang='lat' dir='ltr'>other</span> <span class='ocrx_word' id='word_1_244' title='bbox 1137 1498 1318 1531; x_wconf 88' lang='lat' dir='ltr'>manuscripts</span> <span class='ocrx_word' id='word_1_245' title='bbox 1339 1497 1370 1524; x_wconf 90' lang='lat' dir='ltr'>of</span> <span class='ocrx_word' id='word_1_246' title='bbox 1388 1498 1434 1524; x_wconf 89' lang='lat' dir='ltr'>the</span> <span class='ocrx_word' id='word_1_247' title='bbox 1455 1499 1558 1525; x_wconf 87' lang='lat' dir='ltr'>second</span> 
     </span>
     <span class='ocr_line' id='line_1_24' title="bbox 160 1541 1234 1575; baseline 0 -9"><span class='ocrx_word' id='word_1_248' title='bbox 160 1541 269 1566; x_wconf 85' lang='lat' dir='ltr'>treatise</span> <span class='ocrx_word' id='word_1_249' title='bbox 283 1549 327 1566; x_wconf 89' lang='lat' dir='ltr'>are</span> <span class='ocrx_word' id='word_1_250' title='bbox 340 1549 519 1575; x_wconf 76' lang='lat' dir='ltr'>anonymous,</span> <span class='ocrx_word' id='word_1_251' title='bbox 534 1541 613 1567; x_wconf 91' lang='lat' dir='ltr'>while</span> <span class='ocrx_word' id='word_1_252' title='bbox 627 1541 720 1567; x_wconf 89' lang='lat' dir='ltr'>others</span> <span class='ocrx_word' id='word_1_253' title='bbox 734 1541 839 1567; x_wconf 85' lang='lat' dir='ltr'>ascribe</span> <span class='ocrx_word' id='word_1_254' title='bbox 854 1541 873 1566; x_wconf 86' lang='lat' dir='ltr'>it</span> <span class='ocrx_word' id='word_1_255' title='bbox 887 1546 915 1567; x_wconf 93' lang='lat' dir='ltr'>to</span> <span class='ocrx_word' id='word_1_256' title='bbox 929 1541 1035 1567; x_wconf 86' lang='lat' dir='ltr'>Gerard</span> <span class='ocrx_word' id='word_1_257' title='bbox 1049 1541 1079 1566; x_wconf 90' lang='lat' dir='ltr'>of</span> <span class='ocrx_word' id='word_1_258' title='bbox 1089 1542 1234 1567; x_wconf 89' lang='lat' dir='ltr'>Cremona.</span> 
     </span>
    </p>

    <p class='ocr_par' dir='ltr' id='par_1_7' title="bbox 159 1584 1559 1923">
     <span class='ocr_line' id='line_1_25' title="bbox 207 1584 1558 1619; baseline 0 -9"><span class='ocrx_word' id='word_1_259' title='bbox 207 1584 217 1600; x_wconf 82' lang='lat'>⁴¹</span> <span class='ocrx_word' id='word_1_260' title='bbox 230 1585 290 1610; x_wconf 88' lang='lat' dir='ltr'>One</span> <span class='ocrx_word' id='word_1_261' title='bbox 305 1593 419 1618; x_wconf 80' lang='lat' dir='ltr'>passage</span> <span class='ocrx_word' id='word_1_262' title='bbox 434 1585 456 1610; x_wconf 90' lang='lat' dir='ltr'>is</span> <span class='ocrx_word' id='word_1_263' title='bbox 471 1584 497 1609; x_wconf 88' lang='lat' dir='ltr'>in</span> <span class='ocrx_word' id='word_1_264' title='bbox 515 1586 646 1615; x_wconf 76' lang='lat' dir='ltr'>Trattati,</span> <span class='ocrx_word' id='word_1_265' title='bbox 662 1585 683 1615; x_wconf 83' lang='lat'>1,</span> <span class='ocrx_word' id='word_1_266' title='bbox 697 1593 742 1618; x_wconf 88' lang='lat' dir='ltr'>pp.</span> <span class='ocrx_word' id='word_1_267' title='bbox 758 1592 823 1618; x_wconf 63' lang='lat' dir='ltr'>2—3q</span> <span class='ocrx_word' id='word_1_268' title='bbox 846 1585 936 1610; x_wconf 87' lang='lat' dir='ltr'>Etiam</span> <span class='ocrx_word' id='word_1_269' title='bbox 951 1584 1064 1618; x_wconf 79' lang='lat' dir='ltr'>patefeci</span> <span class='ocrx_word' id='word_1_270' title='bbox 1080 1584 1106 1609; x_wconf 94' lang='lat' dir='ltr'>in</span> <span class='ocrx_word' id='word_1_271' title='bbox 1121 1584 1190 1610; x_wconf 89' lang='lat' dir='ltr'>libro</span> <span class='ocrx_word' id='word_1_272' title='bbox 1201 1584 1310 1619; x_wconf 85' lang='lat' dir='ltr'>algebre</span> <span class='ocrx_word' id='word_1_273' title='bbox 1321 1589 1348 1610; x_wconf 91' lang='lat' dir='ltr'>et</span> <span class='ocrx_word' id='word_1_274' title='bbox 1361 1585 1558 1616; x_wconf 78' lang='lat' dir='ltr'>almucabalah,</span> 
     </span>
     <span class='ocr_line' id='line_1_26' title="bbox 160 1627 1559 1662; baseline 0.001 -10"><span class='ocrx_word' id='word_1_275' title='bbox 160 1627 230 1653; x_wconf 88' lang='lat' dir='ltr'>idest</span> <span class='ocrx_word' id='word_1_276' title='bbox 256 1628 459 1653; x_wconf 82' lang='lat' dir='ltr'>restaurationis</span> <span class='ocrx_word' id='word_1_277' title='bbox 482 1632 508 1654; x_wconf 89' lang='lat' dir='ltr'>et</span> <span class='ocrx_word' id='word_1_278' title='bbox 534 1628 725 1661; x_wconf 82' lang='lat' dir='ltr'>oppositionis,</span> <span class='ocrx_word' id='word_1_279' title='bbox 751 1628 825 1662; x_wconf 88' lang='lat' dir='ltr'>quod</span> <span class='ocrx_word' id='word_1_280' title='bbox 850 1628 992 1654; x_wconf 88' lang='lat' dir='ltr'>uniuersus</span> <span class='ocrx_word' id='word_1_281' title='bbox 1019 1636 1145 1654; x_wconf 91' lang='lat' dir='ltr'>numerus</span> <span class='ocrx_word' id='word_1_282' title='bbox 1171 1628 1206 1653; x_wconf 85' lang='lat' dir='ltr'>sit</span> <span class='ocrx_word' id='word_1_283' title='bbox 1231 1628 1406 1661; x_wconf 78' lang='lat' dir='ltr'>compositus,</span> <span class='ocrx_word' id='word_1_284' title='bbox 1434 1633 1461 1654; x_wconf 88' lang='lat' dir='ltr'>et</span> <span class='ocrx_word' id='word_1_285' title='bbox 1486 1629 1559 1662; x_wconf 84' lang='lat' dir='ltr'>quod</span> 
     </span>
     <span class='ocr_line' id='line_1_27' title="bbox 159 1671 1557 1705; baseline 0.001 -9"><span class='ocrx_word' id='word_1_286' title='bbox 159 1671 301 1697; x_wconf 89' lang='lat' dir='ltr'>uniuersus</span> <span class='ocrx_word' id='word_1_287' title='bbox 318 1680 444 1697; x_wconf 85' lang='lat' dir='ltr'>numerus</span> <span class='ocrx_word' id='word_1_288' title='bbox 461 1676 641 1705; x_wconf 86' lang='lat' dir='ltr'>componatur</span> <span class='ocrx_word' id='word_1_289' title='bbox 658 1680 739 1705; x_wconf 89' lang='lat' dir='ltr'>super</span> <span class='ocrx_word' id='word_1_290' title='bbox 756 1680 850 1696; x_wconf 89' lang='lat' dir='ltr'>unum.</span> <span class='ocrx_word' id='word_1_291' title='bbox 894 1672 983 1697; x_wconf 87' lang='lat' dir='ltr'>Vnum</span> <span class='ocrx_word' id='word_1_292' title='bbox 1002 1680 1066 1705; x_wconf 87' lang='lat' dir='ltr'>ergo</span> <span class='ocrx_word' id='word_1_293' title='bbox 1085 1671 1221 1697; x_wconf 87' lang='lat' dir='ltr'>inuenitur</span> <span class='ocrx_word' id='word_1_294' title='bbox 1239 1671 1266 1696; x_wconf 89' lang='lat' dir='ltr'>in</span> <span class='ocrx_word' id='word_1_295' title='bbox 1284 1671 1412 1697; x_wconf 86' lang='lat' dir='ltr'>uniuerso</span> <span class='ocrx_word' id='word_1_296' title='bbox 1429 1680 1557 1703; x_wconf 74' lang='lat' dir='ltr'>numero3</span> 
     </span>
     <span class='ocr_line' id='line_1_28' title="bbox 159 1714 1559 1748; baseline 0.001 -8"><span class='ocrx_word' id='word_1_297' title='bbox 159 1718 185 1740; x_wconf 87' lang='lat' dir='ltr'>et</span> <span class='ocrx_word' id='word_1_298' title='bbox 201 1714 252 1740; x_wconf 89' lang='lat' dir='ltr'>hoc</span> <span class='ocrx_word' id='word_1_299' title='bbox 266 1719 306 1740; x_wconf 89' lang='lat' dir='ltr'>est</span> <span class='ocrx_word' id='word_1_300' title='bbox 320 1715 393 1748; x_wconf 87' lang='lat' dir='ltr'>quod</span> <span class='ocrx_word' id='word_1_301' title='bbox 407 1715 434 1740; x_wconf 92' lang='lat' dir='ltr'>in</span> <span class='ocrx_word' id='word_1_302' title='bbox 448 1715 501 1741; x_wconf 86' lang='lat' dir='ltr'>alio</span> <span class='ocrx_word' id='word_1_303' title='bbox 519 1715 588 1741; x_wconf 90' lang='lat' dir='ltr'>libro</span> <span class='ocrx_word' id='word_1_304' title='bbox 603 1715 772 1741; x_wconf 86' lang='lat' dir='ltr'>arithmetice</span> <span class='ocrx_word' id='word_1_305' title='bbox 789 1715 895 1741; x_wconf 85' lang='lat' dir='ltr'>dicitur.</span> <span class='ocrx_word' id='word_1_306' title='bbox 936 1715 1004 1748; x_wconf 86' lang='lat' dir='ltr'>Quia</span> <span class='ocrx_word' id='word_1_307' title='bbox 1020 1723 1103 1740; x_wconf 88' lang='lat' dir='ltr'>unum</span> <span class='ocrx_word' id='word_1_308' title='bbox 1120 1719 1160 1741; x_wconf 86' lang='lat' dir='ltr'>est</span> <span class='ocrx_word' id='word_1_309' title='bbox 1179 1715 1254 1740; x_wconf 87' lang='lat' dir='ltr'>radix</span> <span class='ocrx_word' id='word_1_310' title='bbox 1272 1715 1388 1740; x_wconf 90' lang='lat' dir='ltr'>uniuersi</span> <span class='ocrx_word' id='word_1_311' title='bbox 1407 1715 1519 1747; x_wconf 82' lang='lat' dir='ltr'>numeri,</span> <span class='ocrx_word' id='word_1_312' title='bbox 1533 1720 1559 1741; x_wconf 90' lang='lat' dir='ltr'>et</span> 
     </span>
     <span class='ocr_line' id='line_1_29' title="bbox 159 1758 1558 1792; baseline 0 -9"><span class='ocrx_word' id='word_1_313' title='bbox 159 1762 200 1783; x_wconf 85' lang='lat' dir='ltr'>est</span> <span class='ocrx_word' id='word_1_314' title='bbox 221 1762 296 1784; x_wconf 87' lang='lat' dir='ltr'>extra</span> <span class='ocrx_word' id='word_1_315' title='bbox 314 1767 463 1784; x_wconf 89' lang='lat' dir='ltr'>numerum.</span> <span class='ocrx_word' id='word_1_316' title='bbox 504 1758 592 1784; x_wconf 86' lang='lat' dir='ltr'>Radix</span> <span class='ocrx_word' id='word_1_317' title='bbox 614 1758 718 1784; x_wconf 88' lang='lat' dir='ltr'>numeri</span> <span class='ocrx_word' id='word_1_318' title='bbox 742 1763 792 1785; x_wconf 78' lang='lat' dir='ltr'>est.</span> <span class='ocrx_word' id='word_1_319' title='bbox 813 1767 894 1792; x_wconf 85' lang='lat' dir='ltr'>quare</span> <span class='ocrx_word' id='word_1_320' title='bbox 916 1767 964 1792; x_wconf 90' lang='lat' dir='ltr'>per</span> <span class='ocrx_word' id='word_1_321' title='bbox 983 1767 1042 1784; x_wconf 91' lang='lat' dir='ltr'>eum</span> <span class='ocrx_word' id='word_1_322' title='bbox 1067 1758 1201 1784; x_wconf 82' lang='lat' dir='ltr'>inuenitur</span> <span class='ocrx_word' id='word_1_323' title='bbox 1221 1758 1310 1783; x_wconf 89' lang='lat' dir='ltr'>omnis</span> <span class='ocrx_word' id='word_1_324' title='bbox 1332 1767 1470 1784; x_wconf 85' lang='lat' dir='ltr'>numerus.</span> <span class='ocrx_word' id='word_1_325' title='bbox 1494 1778 1499 1783; x_wconf 91' lang='lat'>.</span> <span class='ocrx_word' id='word_1_326' title='bbox 1522 1778 1528 1784; x_wconf 80' lang='lat'>.</span> <span class='ocrx_word' id='word_1_327' title='bbox 1552 1779 1558 1784; x_wconf 84' lang='lat'>.</span> 
     </span>
     <span class='ocr_line' id='line_1_30' title="bbox 160 1801 1559 1835; baseline 0.001 -9"><span class='ocrx_word' id='word_1_328' title='bbox 160 1802 291 1835; x_wconf 84' lang='lat' dir='ltr'>Reliquus</span> <span class='ocrx_word' id='word_1_329' title='bbox 313 1806 403 1827; x_wconf 88' lang='lat' dir='ltr'>autem</span> <span class='ocrx_word' id='word_1_330' title='bbox 430 1810 556 1828; x_wconf 87' lang='lat' dir='ltr'>numerus</span> <span class='ocrx_word' id='word_1_331' title='bbox 577 1802 638 1827; x_wconf 88' lang='lat' dir='ltr'>sine</span> <span class='ocrx_word' id='word_1_332' title='bbox 660 1810 714 1827; x_wconf 90' lang='lat' dir='ltr'>uno</span> <span class='ocrx_word' id='word_1_333' title='bbox 741 1802 855 1828; x_wconf 88' lang='lat' dir='ltr'>inueniri</span> <span class='ocrx_word' id='word_1_334' title='bbox 882 1810 937 1827; x_wconf 87' lang='lat' dir='ltr'>non</span> <span class='ocrx_word' id='word_1_335' title='bbox 961 1806 1059 1835; x_wconf 87' lang='lat' dir='ltr'>potest.</span> <span class='ocrx_word' id='word_1_336' title='bbox 1082 1821 1087 1826; x_wconf 92' lang='lat'>.</span> <span class='ocrx_word' id='word_1_337' title='bbox 1110 1821 1115 1826; x_wconf 92' lang='lat'>.</span> <span class='ocrx_word' id='word_1_338' title='bbox 1138 1821 1143 1826; x_wconf 95' lang='lat'>.</span> <span class='ocrx_word' id='word_1_339' title='bbox 1165 1801 1296 1835; x_wconf 80' lang='lat' dir='ltr'>Reliquus</span> <span class='ocrx_word' id='word_1_340' title='bbox 1318 1806 1408 1827; x_wconf 88' lang='lat' dir='ltr'>autem</span> <span class='ocrx_word' id='word_1_341' title='bbox 1432 1810 1559 1828; x_wconf 89' lang='lat' dir='ltr'>numerus</span> 
     </span>
     <span class='ocr_line' id='line_1_31' title="bbox 159 1844 1559 1879; baseline 0 -9"><span class='ocrx_word' id='word_1_342' title='bbox 159 1844 263 1879; x_wconf 86' lang='lat' dir='ltr'>indiget</span> <span class='ocrx_word' id='word_1_343' title='bbox 285 1865 290 1870; x_wconf 90' lang='lat'>.</span> <span class='ocrx_word' id='word_1_344' title='bbox 314 1864 320 1870; x_wconf 92' lang='lat'>.</span> <span class='ocrx_word' id='word_1_345' title='bbox 344 1865 349 1870; x_wconf 94' lang='lat'>.</span> <span class='ocrx_word' id='word_1_346' title='bbox 371 1854 440 1871; x_wconf 86' lang='lat' dir='ltr'>uno:</span> <span class='ocrx_word' id='word_1_347' title='bbox 470 1854 551 1879; x_wconf 89' lang='lat' dir='ltr'>quare</span> <span class='ocrx_word' id='word_1_348' title='bbox 575 1854 630 1871; x_wconf 90' lang='lat' dir='ltr'>non</span> <span class='ocrx_word' id='word_1_349' title='bbox 656 1850 734 1879; x_wconf 88' lang='lat' dir='ltr'>potes</span> <span class='ocrx_word' id='word_1_350' title='bbox 761 1845 851 1871; x_wconf 90' lang='lat' dir='ltr'>dicere</span> <span class='ocrx_word' id='word_1_351' title='bbox 876 1845 930 1871; x_wconf 91' lang='lat' dir='ltr'>duo</span> <span class='ocrx_word' id='word_1_352' title='bbox 956 1845 997 1871; x_wconf 88' lang='lat' dir='ltr'>uel</span> <span class='ocrx_word' id='word_1_353' title='bbox 1024 1845 1081 1877; x_wconf 86' lang='lat' dir='ltr'>tria,</span> <span class='ocrx_word' id='word_1_354' title='bbox 1106 1845 1157 1871; x_wconf 89' lang='lat' dir='ltr'>nisi</span> <span class='ocrx_word' id='word_1_355' title='bbox 1182 1845 1309 1878; x_wconf 88' lang='lat' dir='ltr'>precedat</span> <span class='ocrx_word' id='word_1_356' title='bbox 1334 1854 1427 1870; x_wconf 86' lang='lat' dir='ltr'>unum.</span> <span class='ocrx_word' id='word_1_357' title='bbox 1467 1845 1559 1871; x_wconf 91' lang='lat' dir='ltr'>Nichil</span> 
     </span>
     <span class='ocr_line' id='line_1_32' title="bbox 159 1888 966 1923; baseline -0.002 -9"><span class='ocrx_word' id='word_1_358' title='bbox 159 1888 231 1914; x_wconf 83' lang='lat' dir='ltr'>aliud</span> <span class='ocrx_word' id='word_1_359' title='bbox 245 1893 286 1914; x_wconf 89' lang='lat' dir='ltr'>est</span> <span class='ocrx_word' id='word_1_360' title='bbox 300 1897 365 1923; x_wconf 85' lang='lat' dir='ltr'>ergo</span> <span class='ocrx_word' id='word_1_361' title='bbox 380 1897 515 1919; x_wconf 87' lang='lat' dir='ltr'>numerus,</span> <span class='ocrx_word' id='word_1_362' title='bbox 530 1889 582 1914; x_wconf 92' lang='lat' dir='ltr'>nisi</span> <span class='ocrx_word' id='word_1_363' title='bbox 596 1889 729 1914; x_wconf 85' lang='lat' dir='ltr'>unitatum</span> <span class='ocrx_word' id='word_1_364' title='bbox 745 1889 878 1915; x_wconf 85' lang='lat' dir='ltr'>collectio.</span> <span class='ocrx_word' id='word_1_365' title='bbox 903 1908 908 1913; x_wconf 93' lang='lat'>.</span> <span class='ocrx_word' id='word_1_366' title='bbox 932 1908 937 1912; x_wconf 93' lang='lat'>.</span> <span class='ocrx_word' id='word_1_367' title='bbox 961 1907 966 1913; x_wconf 85' lang='lat'>.</span> 
     </span>
    </p>

    <p class='ocr_par' dir='ltr' id='par_1_8' title="bbox 159 1931 1560 2313">
     <span class='ocr_line' id='line_1_33' title="bbox 207 1931 1559 1966; baseline 0.001 -9"><span class='ocrx_word' id='word_1_368' title='bbox 207 1932 311 1960; x_wconf 81' lang='lat' dir='ltr'>Inueni.</span> <span class='ocrx_word' id='word_1_369' title='bbox 333 1932 419 1966; x_wconf 87' lang='lat' dir='ltr'>inquit</span> <span class='ocrx_word' id='word_1_370' title='bbox 440 1932 588 1966; x_wconf 72' lang='lat' dir='ltr'>algorizmi,</span> <span class='ocrx_word' id='word_1_371' title='bbox 609 1941 691 1958; x_wconf 90' lang='lat' dir='ltr'>omne</span> <span class='ocrx_word' id='word_1_372' title='bbox 712 1932 785 1966; x_wconf 86' lang='lat' dir='ltr'>quod</span> <span class='ocrx_word' id='word_1_373' title='bbox 806 1937 897 1966; x_wconf 88' lang='lat' dir='ltr'>potest</span> <span class='ocrx_word' id='word_1_374' title='bbox 917 1932 969 1957; x_wconf 90' lang='lat' dir='ltr'>dici</span> <span class='ocrx_word' id='word_1_375' title='bbox 988 1941 1020 1958; x_wconf 86' lang='lat' dir='ltr'>ex</span> <span class='ocrx_word' id='word_1_376' title='bbox 1044 1940 1165 1959; x_wconf 85' lang='lat' dir='ltr'>numero.</span> <span class='ocrx_word' id='word_1_377' title='bbox 1183 1936 1208 1957; x_wconf 88' lang='lat' dir='ltr'>et</span> <span class='ocrx_word' id='word_1_378' title='bbox 1227 1940 1287 1957; x_wconf 89' lang='lat' dir='ltr'>esse</span> <span class='ocrx_word' id='word_1_379' title='bbox 1306 1931 1435 1965; x_wconf 90' lang='lat' dir='ltr'>quicquid</span> <span class='ocrx_word' id='word_1_380' title='bbox 1453 1933 1559 1958; x_wconf 84' lang='lat' dir='ltr'>excedit</span> 
     </span>
     <span class='ocr_line' id='line_1_34' title="bbox 159 1975 1557 2009; baseline 0 -9"><span class='ocrx_word' id='word_1_381' title='bbox 159 1984 242 2000; x_wconf 91' lang='lat' dir='ltr'>unum</span> <span class='ocrx_word' id='word_1_382' title='bbox 260 1984 344 2009; x_wconf 90' lang='lat' dir='ltr'>usque</span> <span class='ocrx_word' id='word_1_383' title='bbox 358 1976 385 2000; x_wconf 89' lang='lat' dir='ltr'>in</span> <span class='ocrx_word' id='word_1_384' title='bbox 400 1983 448 2003; x_wconf 65' lang='lat' dir='ltr'>lx..</span> <span class='ocrx_word' id='word_1_385' title='bbox 464 1976 491 2001; x_wconf 92' lang='lat' dir='ltr'>id</span> <span class='ocrx_word' id='word_1_386' title='bbox 505 1980 545 2001; x_wconf 86' lang='lat' dir='ltr'>est</span> <span class='ocrx_word' id='word_1_387' title='bbox 559 1976 633 2009; x_wconf 88' lang='lat' dir='ltr'>quod</span> <span class='ocrx_word' id='word_1_388' title='bbox 648 1980 688 2001; x_wconf 84' lang='lat' dir='ltr'>est</span> <span class='ocrx_word' id='word_1_389' title='bbox 702 1976 782 2001; x_wconf 89' lang='lat' dir='ltr'>inter.</span> <span class='ocrx_word' id='word_1_390' title='bbox 799 1983 837 2001; x_wconf 80' lang='lat' dir='ltr'>Ix-</span> <span class='ocrx_word' id='word_1_391' title='bbox 854 1981 881 2001; x_wconf 88' lang='lat' dir='ltr'>et</span> <span class='ocrx_word' id='word_1_392' title='bbox 895 1984 986 2007; x_wconf 75' lang='lat' dir='ltr'>unum,</span> <span class='ocrx_word' id='word_1_393' title='bbox 999 1975 1026 2000; x_wconf 92' lang='lat' dir='ltr'>id</span> <span class='ocrx_word' id='word_1_394' title='bbox 1041 1980 1081 2001; x_wconf 88' lang='lat' dir='ltr'>est</span> <span class='ocrx_word' id='word_1_395' title='bbox 1098 1975 1249 2008; x_wconf 86' lang='lat' dir='ltr'>duplicatur</span> <span class='ocrx_word' id='word_1_396' title='bbox 1263 1984 1346 2000; x_wconf 90' lang='lat' dir='ltr'>unum</span> <span class='ocrx_word' id='word_1_397' title='bbox 1359 1980 1385 2001; x_wconf 90' lang='lat' dir='ltr'>et</span> <span class='ocrx_word' id='word_1_398' title='bbox 1402 1975 1469 2001; x_wconf 84' lang='lat' dir='ltr'>fiunt</span> <span class='ocrx_word' id='word_1_399' title='bbox 1488 1976 1557 2004; x_wconf 79' lang='lat' dir='ltr'>duo:</span> 
     </span>
     <span class='ocr_line' id='line_1_35' title="bbox 159 2018 1559 2052; baseline 0 -8"><span class='ocrx_word' id='word_1_400' title='bbox 159 2023 185 2044; x_wconf 90' lang='lat' dir='ltr'>et</span> <span class='ocrx_word' id='word_1_401' title='bbox 206 2018 354 2052; x_wconf 87' lang='lat' dir='ltr'>triplicatur</span> <span class='ocrx_word' id='word_1_402' title='bbox 375 2019 446 2044; x_wconf 90' lang='lat' dir='ltr'>idem</span> <span class='ocrx_word' id='word_1_403' title='bbox 468 2028 558 2047; x_wconf 68' lang='lat' dir='ltr'>unum,</span> <span class='ocrx_word' id='word_1_404' title='bbox 574 2019 695 2052; x_wconf 86' lang='lat' dir='ltr'>fiuntque</span> <span class='ocrx_word' id='word_1_405' title='bbox 713 2019 772 2051; x_wconf 82' lang='lat' dir='ltr'>tria,</span> <span class='ocrx_word' id='word_1_406' title='bbox 786 2024 812 2045; x_wconf 89' lang='lat' dir='ltr'>et</span> <span class='ocrx_word' id='word_1_407' title='bbox 828 2019 867 2045; x_wconf 87' lang='lat' dir='ltr'>sic</span> <span class='ocrx_word' id='word_1_408' title='bbox 886 2019 913 2044; x_wconf 89' lang='lat' dir='ltr'>in</span> <span class='ocrx_word' id='word_1_409' title='bbox 932 2019 1027 2045; x_wconf 86' lang='lat' dir='ltr'>ceteris</span> <span class='ocrx_word' id='word_1_410' title='bbox 1045 2027 1129 2052; x_wconf 88' lang='lat' dir='ltr'>usque</span> <span class='ocrx_word' id='word_1_411' title='bbox 1150 2019 1177 2044; x_wconf 90' lang='lat' dir='ltr'>in</span> <span class='ocrx_word' id='word_1_412' title='bbox 1195 2026 1233 2044; x_wconf 80' lang='lat' dir='ltr'>lx.</span> <span class='ocrx_word' id='word_1_413' title='bbox 1272 2020 1314 2044; x_wconf 81' lang='lat' dir='ltr'>De</span> <span class='ocrx_word' id='word_1_414' title='bbox 1330 2018 1394 2045; x_wconf 89' lang='lat' dir='ltr'>inde</span> <span class='ocrx_word' id='word_1_415' title='bbox 1414 2024 1559 2052; x_wconf 83' lang='lat' dir='ltr'>ponuntur,</span> 
     </span>
     <span class='ocr_line' id='line_1_36' title="bbox 159 2062 1558 2096; baseline 0.001 -9"><span class='ocrx_word' id='word_1_416' title='bbox 159 2069 188 2087; x_wconf 89' lang='lat' dir='ltr'>x.</span> <span class='ocrx_word' id='word_1_417' title='bbox 210 2062 237 2087; x_wconf 91' lang='lat' dir='ltr'>in</span> <span class='ocrx_word' id='word_1_418' title='bbox 257 2062 318 2088; x_wconf 91' lang='lat' dir='ltr'>Ioco</span> <span class='ocrx_word' id='word_1_419' title='bbox 339 2062 426 2090; x_wconf 74' lang='lat' dir='ltr'>unius,</span> <span class='ocrx_word' id='word_1_420' title='bbox 447 2066 473 2088; x_wconf 90' lang='lat' dir='ltr'>et</span> <span class='ocrx_word' id='word_1_421' title='bbox 495 2063 675 2096; x_wconf 74' lang='lat' dir='ltr'>duplicantur,</span> <span class='ocrx_word' id='word_1_422' title='bbox 698 2070 726 2088; x_wconf 85' lang='lat' dir='ltr'>x.</span> <span class='ocrx_word' id='word_1_423' title='bbox 752 2071 783 2088; x_wconf 91' lang='lat' dir='ltr'>ac</span> <span class='ocrx_word' id='word_1_424' title='bbox 804 2062 981 2096; x_wconf 78' lang='lat' dir='ltr'>triplicantur,</span> <span class='ocrx_word' id='word_1_425' title='bbox 1008 2062 1236 2096; x_wconf 85' lang='lat' dir='ltr'>quemadmodum</span> <span class='ocrx_word' id='word_1_426' title='bbox 1258 2062 1357 2088; x_wconf 83' lang='lat' dir='ltr'>factum</span> <span class='ocrx_word' id='word_1_427' title='bbox 1382 2067 1422 2088; x_wconf 92' lang='lat' dir='ltr'>est</span> <span class='ocrx_word' id='word_1_428' title='bbox 1442 2063 1477 2088; x_wconf 90' lang='lat' dir='ltr'>de</span> <span class='ocrx_word' id='word_1_429' title='bbox 1496 2071 1558 2094; x_wconf 81' lang='lat' dir='ltr'>uno,</span> 
     </span>
     <span class='ocr_line' id='line_1_37' title="bbox 159 2105 1560 2140; baseline 0.001 -10"><span class='ocrx_word' id='word_1_430' title='bbox 159 2105 280 2139; x_wconf 85' lang='lat' dir='ltr'>fiuntque</span> <span class='ocrx_word' id='word_1_431' title='bbox 299 2114 331 2131; x_wconf 83' lang='lat' dir='ltr'>ex</span> <span class='ocrx_word' id='word_1_432' title='bbox 350 2114 442 2131; x_wconf 90' lang='lat' dir='ltr'>eorum</span> <span class='ocrx_word' id='word_1_433' title='bbox 459 2106 652 2139; x_wconf 80' lang='lat' dir='ltr'>duplicatione,</span> <span class='ocrx_word' id='word_1_434' title='bbox 671 2113 719 2132; x_wconf 79' lang='lat' dir='ltr'>xx.</span> <span class='ocrx_word' id='word_1_435' title='bbox 737 2111 763 2132; x_wconf 89' lang='lat' dir='ltr'>et</span> <span class='ocrx_word' id='word_1_436' title='bbox 781 2106 969 2140; x_wconf 79' lang='lat' dir='ltr'>triplicatione.</span> <span class='ocrx_word' id='word_1_437' title='bbox 989 2113 1058 2133; x_wconf 76' lang='lat' dir='ltr'>xxx.</span> <span class='ocrx_word' id='word_1_438' title='bbox 1075 2110 1101 2132; x_wconf 90' lang='lat' dir='ltr'>et</span> <span class='ocrx_word' id='word_1_439' title='bbox 1118 2106 1154 2131; x_wconf 86' lang='lat' dir='ltr'>ita</span> <span class='ocrx_word' id='word_1_440' title='bbox 1175 2114 1259 2139; x_wconf 82' lang='lat' dir='ltr'>usque</span> <span class='ocrx_word' id='word_1_441' title='bbox 1279 2106 1314 2131; x_wconf 89' lang='lat' dir='ltr'>ad</span> <span class='ocrx_word' id='word_1_442' title='bbox 1335 2112 1382 2131; x_wconf 87' lang='lat' dir='ltr'>xc.</span> <span class='ocrx_word' id='word_1_443' title='bbox 1423 2107 1488 2132; x_wconf 88' lang='lat' dir='ltr'>Post</span> <span class='ocrx_word' id='word_1_444' title='bbox 1509 2106 1560 2132; x_wconf 89' lang='lat' dir='ltr'>hec</span> 
     </span>
     <span class='ocr_line' id='line_1_38' title="bbox 159 2149 1559 2183; baseline 0 -9"><span class='ocrx_word' id='word_1_445' title='bbox 159 2149 272 2174; x_wconf 89' lang='lat' dir='ltr'>redeunt</span> <span class='ocrx_word' id='word_1_446' title='bbox 287 2156 303 2174; x_wconf 83' lang='lat' dir='ltr'>C</span> <span class='ocrx_word' id='word_1_447' title='bbox 318 2150 344 2174; x_wconf 91' lang='lat' dir='ltr'>in</span> <span class='ocrx_word' id='word_1_448' title='bbox 362 2149 422 2175; x_wconf 92' lang='lat' dir='ltr'>loco</span> <span class='ocrx_word' id='word_1_449' title='bbox 436 2149 523 2180; x_wconf 85' lang='lat' dir='ltr'>unius,</span> <span class='ocrx_word' id='word_1_450' title='bbox 538 2154 565 2175; x_wconf 88' lang='lat' dir='ltr'>et</span> <span class='ocrx_word' id='word_1_451' title='bbox 581 2149 753 2183; x_wconf 90' lang='lat' dir='ltr'>duplicantur</span> <span class='ocrx_word' id='word_1_452' title='bbox 769 2149 805 2175; x_wconf 84' lang='lat' dir='ltr'>ibi</span> <span class='ocrx_word' id='word_1_453' title='bbox 822 2154 902 2183; x_wconf 83' lang='lat' dir='ltr'>atque</span> <span class='ocrx_word' id='word_1_454' title='bbox 919 2149 1095 2182; x_wconf 82' lang='lat' dir='ltr'>triplicantur,</span> <span class='ocrx_word' id='word_1_455' title='bbox 1109 2149 1339 2182; x_wconf 90' lang='lat' dir='ltr'>quemadmodum</span> <span class='ocrx_word' id='word_1_456' title='bbox 1356 2149 1456 2175; x_wconf 86' lang='lat' dir='ltr'>factum</span> <span class='ocrx_word' id='word_1_457' title='bbox 1470 2154 1511 2175; x_wconf 91' lang='lat' dir='ltr'>est</span> <span class='ocrx_word' id='word_1_458' title='bbox 1526 2149 1559 2175; x_wconf 91' lang='lat' dir='ltr'>de</span> 
     </span>
     <span class='ocr_line' id='line_1_39' title="bbox 159 2192 1560 2226; baseline 0.001 -9"><span class='ocrx_word' id='word_1_459' title='bbox 159 2201 214 2218; x_wconf 88' lang='lat' dir='ltr'>uno</span> <span class='ocrx_word' id='word_1_460' title='bbox 233 2197 258 2218; x_wconf 88' lang='lat' dir='ltr'>et</span> <span class='ocrx_word' id='word_1_461' title='bbox 277 2200 311 2223; x_wconf 83' lang='lat' dir='ltr'>x;</span> <span class='ocrx_word' id='word_1_462' title='bbox 333 2192 537 2226; x_wconf 84' lang='lat' dir='ltr'>efficiunturque</span> <span class='ocrx_word' id='word_1_463' title='bbox 554 2202 586 2218; x_wconf 88' lang='lat' dir='ltr'>ex</span> <span class='ocrx_word' id='word_1_464' title='bbox 604 2193 642 2218; x_wconf 86' lang='lat' dir='ltr'>eis</span> <span class='ocrx_word' id='word_1_465' title='bbox 660 2200 704 2220; x_wconf 81' lang='lat' dir='ltr'>cc.</span> <span class='ocrx_word' id='word_1_466' title='bbox 720 2198 744 2218; x_wconf 88' lang='lat' dir='ltr'>et</span> <span class='ocrx_word' id='word_1_467' title='bbox 762 2200 825 2220; x_wconf 76' lang='lat' dir='ltr'>ccc,</span> <span class='ocrx_word' id='word_1_468' title='bbox 840 2197 866 2218; x_wconf 87' lang='lat' dir='ltr'>et</span> <span class='ocrx_word' id='word_1_469' title='bbox 885 2197 974 2219; x_wconf 86' lang='lat' dir='ltr'>cetera</span> <span class='ocrx_word' id='word_1_470' title='bbox 989 2201 1074 2226; x_wconf 84' lang='lat' dir='ltr'>usque</span> <span class='ocrx_word' id='word_1_471' title='bbox 1090 2192 1117 2218; x_wconf 88' lang='lat' dir='ltr'>in</span> <span class='ocrx_word' id='word_1_472' title='bbox 1138 2199 1242 2218; x_wconf 87' lang='lat' dir='ltr'>Dcccc.</span> <span class='ocrx_word' id='word_1_473' title='bbox 1283 2194 1400 2218; x_wconf 86' lang='lat' dir='ltr'>Rursum</span> <span class='ocrx_word' id='word_1_474' title='bbox 1423 2197 1560 2226; x_wconf 90' lang='lat' dir='ltr'>ponuntur</span> 
     </span>
     <span class='ocr_line' id='line_1_40' title="bbox 160 2235 1559 2270; baseline 0 -9"><span class='ocrx_word' id='word_1_475' title='bbox 160 2236 233 2262; x_wconf 84' lang='lat' dir='ltr'>mille</span> <span class='ocrx_word' id='word_1_476' title='bbox 251 2236 279 2261; x_wconf 87' lang='lat' dir='ltr'>in</span> <span class='ocrx_word' id='word_1_477' title='bbox 295 2236 354 2262; x_wconf 90' lang='lat' dir='ltr'>loco</span> <span class='ocrx_word' id='word_1_478' title='bbox 368 2236 463 2265; x_wconf 72' lang='lat' dir='ltr'>unius:</span> <span class='ocrx_word' id='word_1_479' title='bbox 485 2241 510 2262; x_wconf 84' lang='lat' dir='ltr'>et</span> <span class='ocrx_word' id='word_1_480' title='bbox 529 2236 694 2270; x_wconf 84' lang='lat' dir='ltr'>duplicando</span> <span class='ocrx_word' id='word_1_481' title='bbox 711 2241 737 2262; x_wconf 84' lang='lat' dir='ltr'>et</span> <span class='ocrx_word' id='word_1_482' title='bbox 756 2236 926 2270; x_wconf 79' lang='lat' dir='ltr'>triplicando,</span> <span class='ocrx_word' id='word_1_483' title='bbox 941 2241 968 2261; x_wconf 90' lang='lat' dir='ltr'>ut</span> <span class='ocrx_word' id='word_1_484' title='bbox 987 2236 1112 2263; x_wconf 74' lang='lat' dir='ltr'>diximus.</span> <span class='ocrx_word' id='word_1_485' title='bbox 1127 2236 1193 2261; x_wconf 88' lang='lat' dir='ltr'>fiunt</span> <span class='ocrx_word' id='word_1_486' title='bbox 1212 2245 1244 2262; x_wconf 89' lang='lat' dir='ltr'>ex</span> <span class='ocrx_word' id='word_1_487' title='bbox 1258 2236 1296 2262; x_wconf 90' lang='lat' dir='ltr'>eis</span> <span class='ocrx_word' id='word_1_488' title='bbox 1315 2242 1336 2261; x_wconf 87' lang='lat'>11</span> <span class='ocrx_word' id='word_1_489' title='bbox 1353 2235 1425 2265; x_wconf 75' lang='lat' dir='ltr'>mila,</span> <span class='ocrx_word' id='word_1_490' title='bbox 1439 2241 1465 2262; x_wconf 89' lang='lat' dir='ltr'>et</span> <span class='ocrx_word' id='word_1_491' title='bbox 1484 2243 1516 2261; x_wconf 92' lang='lat'>111</span> <span class='ocrx_word' id='word_1_492' title='bbox 1533 2241 1559 2262; x_wconf 88' lang='lat' dir='ltr'>et</span> 
     </span>
     <span class='ocr_line' id='line_1_41' title="bbox 159 2279 1085 2313; baseline -0.001 -9"><span class='ocrx_word' id='word_1_493' title='bbox 159 2284 248 2305; x_wconf 87' lang='lat' dir='ltr'>cetera</span> <span class='ocrx_word' id='word_1_494' title='bbox 261 2288 345 2313; x_wconf 88' lang='lat' dir='ltr'>usque</span> <span class='ocrx_word' id='word_1_495' title='bbox 360 2279 387 2304; x_wconf 91' lang='lat' dir='ltr'>in</span> <span class='ocrx_word' id='word_1_496' title='bbox 402 2279 537 2305; x_wconf 84' lang='lat' dir='ltr'>infinitum</span> <span class='ocrx_word' id='word_1_497' title='bbox 552 2288 701 2307; x_wconf 82' lang='lat' dir='ltr'>numerum.</span> <span class='ocrx_word' id='word_1_498' title='bbox 716 2280 864 2306; x_wconf 87' lang='lat' dir='ltr'>secundum</span> <span class='ocrx_word' id='word_1_499' title='bbox 880 2280 950 2306; x_wconf 90' lang='lat' dir='ltr'>hunc</span> <span class='ocrx_word' id='word_1_500' title='bbox 965 2280 1085 2305; x_wconf 91' lang='lat' dir='ltr'>modum.</span> 
     </span>
    </p>

    <p class='ocr_par' dir='ltr' id='par_1_9' title="bbox 207 2323 920 2356">
     <span class='ocr_line' id='line_1_42' title="bbox 207 2323 920 2356; baseline -0.001 -8"><span class='ocrx_word' id='word_1_501' title='bbox 207 2323 340 2356; x_wconf 87' lang='lat' dir='ltr'>Compare</span> <span class='ocrx_word' id='word_1_502' title='bbox 356 2323 419 2348; x_wconf 86' lang='lat' dir='ltr'>with</span> <span class='ocrx_word' id='word_1_503' title='bbox 435 2323 488 2348; x_wconf 89' lang='lat' dir='ltr'>this</span> <span class='ocrx_word' id='word_1_504' title='bbox 503 2332 551 2349; x_wconf 90' lang='lat' dir='ltr'>our</span> <span class='ocrx_word' id='word_1_505' title='bbox 565 2328 628 2354; x_wconf 71' lang='lat' dir='ltr'>text,</span> <span class='ocrx_word' id='word_1_506' title='bbox 644 2332 670 2356; x_wconf 90' lang='lat' dir='ltr'>p.</span> <span class='ocrx_word' id='word_1_507' title='bbox 687 2323 728 2351; x_wconf 84' lang='lat'>66,</span> <span class='ocrx_word' id='word_1_508' title='bbox 743 2323 811 2349; x_wconf 90' lang='lat' dir='ltr'>lines</span> <span class='ocrx_word' id='word_1_509' title='bbox 829 2331 920 2348; x_wconf 85' lang='lat'>10—21.</span> 
     </span>
    </p>

    <p class='ocr_par' dir='ltr' id='par_1_10' title="bbox 159 2366 1559 2479">
     <span class='ocr_line' id='line_1_43' title="bbox 207 2366 1559 2400; baseline -0.001 -8"><span class='ocrx_word' id='word_1_510' title='bbox 207 2366 331 2392; x_wconf 83' lang='lat' dir='ltr'>Another</span> <span class='ocrx_word' id='word_1_511' title='bbox 349 2375 463 2400; x_wconf 84' lang='lat' dir='ltr'>passage</span> <span class='ocrx_word' id='word_1_512' title='bbox 483 2367 505 2392; x_wconf 93' lang='lat' dir='ltr'>is</span> <span class='ocrx_word' id='word_1_513' title='bbox 525 2368 655 2397; x_wconf 75' lang='lat' dir='ltr'>Traltali,</span> <span class='ocrx_word' id='word_1_514' title='bbox 674 2367 694 2394; x_wconf 73' lang='grc' dir='ltr'>Ι,</span> <span class='ocrx_word' id='word_1_515' title='bbox 708 2376 734 2400; x_wconf 89' lang='lat' dir='ltr'>p.</span> <span class='ocrx_word' id='word_1_516' title='bbox 754 2374 791 2392; x_wconf 91' lang='lat'>10.</span> <span class='ocrx_word' id='word_1_517' title='bbox 830 2367 919 2392; x_wconf 88' lang='lat' dir='ltr'>Etiam</span> <span class='ocrx_word' id='word_1_518' title='bbox 937 2366 1049 2400; x_wconf 87' lang='lat' dir='ltr'>patefeci</span> <span class='ocrx_word' id='word_1_519' title='bbox 1067 2366 1093 2391; x_wconf 91' lang='lat' dir='ltr'>in</span> <span class='ocrx_word' id='word_1_520' title='bbox 1113 2366 1189 2398; x_wconf 84' lang='lat' dir='ltr'>libro,</span> <span class='ocrx_word' id='word_1_521' title='bbox 1204 2366 1277 2400; x_wconf 89' lang='lat' dir='ltr'>quod</span> <span class='ocrx_word' id='word_1_522' title='bbox 1296 2374 1407 2392; x_wconf 89' lang='lat' dir='ltr'>necesse</span> <span class='ocrx_word' id='word_1_523' title='bbox 1425 2370 1466 2392; x_wconf 88' lang='lat' dir='ltr'>est</span> <span class='ocrx_word' id='word_1_524' title='bbox 1484 2367 1559 2392; x_wconf 92' lang='lat' dir='ltr'>omni</span> 
     </span>
     <span class='ocr_line' id='line_1_44' title="bbox 160 2409 1558 2444; baseline 0.001 -10"><span class='ocrx_word' id='word_1_525' title='bbox 160 2418 271 2435; x_wconf 90' lang='lat' dir='ltr'>numero</span> <span class='ocrx_word' id='word_1_526' title='bbox 290 2410 333 2443; x_wconf 87' lang='lat' dir='ltr'>qui</span> <span class='ocrx_word' id='word_1_527' title='bbox 355 2410 547 2443; x_wconf 85' lang='lat' dir='ltr'>multiplicatur</span> <span class='ocrx_word' id='word_1_528' title='bbox 565 2410 592 2435; x_wconf 91' lang='lat' dir='ltr'>in</span> <span class='ocrx_word' id='word_1_529' title='bbox 609 2410 699 2443; x_wconf 84' lang='lat' dir='ltr'>aliquo</span> <span class='ocrx_word' id='word_1_530' title='bbox 718 2410 840 2444; x_wconf 89' lang='lat' dir='ltr'>quolibet</span> <span class='ocrx_word' id='word_1_531' title='bbox 859 2418 980 2441; x_wconf 76' lang='lat' dir='ltr'>numero,</span> <span class='ocrx_word' id='word_1_532' title='bbox 994 2414 1023 2435; x_wconf 93' lang='lat' dir='ltr'>ut</span> <span class='ocrx_word' id='word_1_533' title='bbox 1041 2409 1192 2443; x_wconf 86' lang='lat' dir='ltr'>duplicetur</span> <span class='ocrx_word' id='word_1_534' title='bbox 1210 2418 1279 2435; x_wconf 86' lang='lat' dir='ltr'>unus</span> <span class='ocrx_word' id='word_1_535' title='bbox 1299 2418 1332 2435; x_wconf 89' lang='lat' dir='ltr'>ex</span> <span class='ocrx_word' id='word_1_536' title='bbox 1351 2409 1389 2435; x_wconf 86' lang='lat' dir='ltr'>eis</span> <span class='ocrx_word' id='word_1_537' title='bbox 1408 2409 1558 2435; x_wconf 88' lang='lat' dir='ltr'>secundum</span> 
     </span>
     <span class='ocr_line' id='line_1_45' title="bbox 159 2453 408 2479; baseline 0 -1"><span class='ocrx_word' id='word_1_538' title='bbox 159 2453 276 2479; x_wconf 88' lang='lat' dir='ltr'>unitates</span> <span class='ocrx_word' id='word_1_539' title='bbox 291 2453 408 2479; x_wconf 83' lang='lat' dir='ltr'>alterius.</span> 
     </span>
    </p>

    <p class='ocr_par' dir='ltr' id='par_1_11' title="bbox 207 2497 885 2531">
     <span class='ocr_line' id='line_1_46' title="bbox 207 2497 885 2531; baseline 0 -9"><span class='ocrx_word' id='word_1_540' title='bbox 207 2497 339 2530; x_wconf 87' lang='lat' dir='ltr'>Compare</span> <span class='ocrx_word' id='word_1_541' title='bbox 354 2497 418 2522; x_wconf 84' lang='lat' dir='ltr'>with</span> <span class='ocrx_word' id='word_1_542' title='bbox 433 2497 487 2523; x_wconf 87' lang='lat' dir='ltr'>this</span> <span class='ocrx_word' id='word_1_543' title='bbox 502 2506 551 2523; x_wconf 87' lang='lat' dir='ltr'>our</span> <span class='ocrx_word' id='word_1_544' title='bbox 565 2502 629 2524; x_wconf 85' lang='lat' dir='ltr'>text.</span> <span class='ocrx_word' id='word_1_545' title='bbox 645 2506 669 2531; x_wconf 90' lang='lat' dir='ltr'>p.</span> <span class='ocrx_word' id='word_1_546' title='bbox 687 2505 728 2531; x_wconf 82' lang='lat'>90,</span> <span class='ocrx_word' id='word_1_547' title='bbox 743 2497 810 2523; x_wconf 88' lang='lat' dir='ltr'>lines</span> <span class='ocrx_word' id='word_1_548' title='bbox 824 2497 885 2522; x_wconf 86' lang='lat'>6-8.</span> 
     </span>
    </p>

    <p class='ocr_par' dir='ltr' id='par_1_12' title="bbox 159 2539 1558 2617">
     <span class='ocr_line' id='line_1_47' title="bbox 206 2539 1558 2574; baseline 0 -9"><span class='ocrx_word' id='word_1_549' title='bbox 206 2540 281 2566; x_wconf 79' lang='lat' dir='ltr'>⁶See</span> <span class='ocrx_word' id='word_1_550' title='bbox 306 2549 350 2574; x_wconf 96' lang='lat' dir='ltr'>my</span> <span class='ocrx_word' id='word_1_551' title='bbox 371 2549 454 2574; x_wconf 90' lang='lat' dir='ltr'>paper</span> <span class='ocrx_word' id='word_1_552' title='bbox 479 2549 514 2566; x_wconf 91' lang='lat' dir='ltr'>on</span> <span class='ocrx_word' id='word_1_553' title='bbox 540 2541 771 2574; x_wconf 48' lang='lat' dir='ltr'>:Zagrou-stanes,</span> <span class='ocrx_word' id='word_1_554' title='bbox 796 2541 914 2566; x_wconf 68' lang='lat' dir='ltr'>Modern</span> <span class='ocrx_word' id='word_1_555' title='bbox 939 2541 1086 2574; x_wconf 49' lang='lat' dir='ltr'>Languegw</span> <span class='ocrx_word' id='word_1_556' title='bbox 1108 2540 1200 2571; x_wconf 66' lang='lat' dir='ltr'>Notas,</span> <span class='ocrx_word' id='word_1_557' title='bbox 1224 2539 1286 2565; x_wconf 87' lang='lat' dir='ltr'>Vol.</span> <span class='ocrx_word' id='word_1_558' title='bbox 1311 2540 1420 2565; x_wconf 91' lang='lat' dir='ltr'>XXVII</span> <span class='ocrx_word' id='word_1_559' title='bbox 1447 2541 1558 2573; x_wconf 80' lang='lat'>(1912),</span> 
     </span>
     <span class='ocr_line' id='line_1_48' title="bbox 159 2583 1363 2617; baseline 0.001 -10"><span class='ocrx_word' id='word_1_560' title='bbox 159 2591 204 2616; x_wconf 88' lang='lat' dir='ltr'>pp.</span> <span class='ocrx_word' id='word_1_561' title='bbox 221 2583 357 2617; x_wconf 65' lang='lat'>206—2093</span> <span class='ocrx_word' id='word_1_562' title='bbox 380 2592 506 2617; x_wconf 88' lang='lat' dir='ltr'>compare</span> <span class='ocrx_word' id='word_1_563' title='bbox 519 2584 577 2610; x_wconf 88' lang='lat' dir='ltr'>also</span> <span class='ocrx_word' id='word_1_564' title='bbox 592 2584 637 2609; x_wconf 89' lang='lat' dir='ltr'>the</span> <span class='ocrx_word' id='word_1_565' title='bbox 652 2593 700 2610; x_wconf 82' lang='lat' dir='ltr'>use</span> <span class='ocrx_word' id='word_1_566' title='bbox 713 2584 742 2609; x_wconf 86' lang='lat' dir='ltr'>of</span> <span class='ocrx_word' id='word_1_567' title='bbox 754 2584 799 2610; x_wconf 89' lang='lat' dir='ltr'>the</span> <span class='ocrx_word' id='word_1_568' title='bbox 814 2589 879 2609; x_wconf 85' lang='lat' dir='ltr'>term</span> <span class='ocrx_word' id='word_1_569' title='bbox 895 2584 1062 2616; x_wconf 64' lang='grc' dir='ltr'>Αζραιινῐςιή</span> <span class='ocrx_word' id='word_1_570' title='bbox 1078 2583 1104 2608; x_wconf 90' lang='lat' dir='ltr'>in</span> <span class='ocrx_word' id='word_1_571' title='bbox 1119 2592 1167 2608; x_wconf 92' lang='lat' dir='ltr'>our</span> <span class='ocrx_word' id='word_1_572' title='bbox 1181 2587 1245 2611; x_wconf 73' lang='lat' dir='ltr'>text,</span> <span class='ocrx_word' id='word_1_573' title='bbox 1260 2591 1286 2616; x_wconf 89' lang='lat' dir='ltr'>p.</span> <span class='ocrx_word' id='word_1_574' title='bbox 1305 2590 1363 2608; x_wconf 83' lang='lat'>102.</span> 
     </span>
    </p>
   </div>
  </div>
 </body>
</html>
