1780 2995
215 287 273 318 154
379 279 534 306 ADDITA
562 279 760 314 QUAEDAM
790 278 865 306 PRO
893 279 1205 306 DECLARATIONE
1234 278 1446 306 ALGEBRAE

189 386 198 400 1
211 371 409 400 medietatem
431 370 472 399 rei
492 369 625 406 maioris,
647 369 716 399 ideo
737 374 862 399 econtra
883 379 928 399 res
949 369 1048 399 minor
1068 369 1275 407 multiplicata
1295 379 1366 398 cum
1386 368 1553 398 medietate
1572 369 1616 398 rei

210 421 333 450 maioris
353 419 495 458 producit
516 429 579 448 rem
600 419 757 456 maiorem,
779 424 809 448 et
830 419 891 448 duo
912 419 1119 457 multiplicata
1139 429 1209 448 cum
1230 419 1397 448 medietate
1417 419 1458 448 rei
1480 418 1613 455 maioris,

211 470 353 509 producit
368 480 431 500 rem
446 469 602 499 maiorem.
646 469 788 498 Binarius
802 469 895 506 igitur
910 474 956 498 est
971 479 1017 498 res
1031 469 1140 506 minor,
1156 473 1186 498 et
1201 469 1416 507 quaternarius
1430 468 1536 498 maior.

720 633 859 671 Quaestio
874 633 986 663 decima
1001 637 1105 672 quarta

185 736 197 756 s
251 726 351 755 Diuisi
367 736 402 755 10
415 726 445 755 in
459 725 536 754 duas
549 729 662 763 partes,
677 728 707 753 et
721 724 926 762 multiplicaui
940 735 1033 753 vnam
1046 729 1168 762 partem
1182 734 1251 754 cum
1265 724 1371 760 altera,
1386 728 1416 753 et
1429 723 1615 762 productum

211 776 300 806 diuisi
314 776 345 805 in
360 775 566 805 differentiam
580 775 659 804 inter
673 778 786 812 partes,
802 778 833 803 et
848 774 1036 803 resultarunt
1053 774 1098 812 55.
1141 774 1315 811 Quaeritur,
1331 784 1411 812 quae
1425 773 1486 803 sint
1501 778 1614 811 partes.

650 824 867 862 Respondetur
882 834 916 853 ex
932 824 1052 862 regula:
1078 834 1094 862 3
1111 829 1141 853 et
1158 833 1183 861 7.

251 876 377 914 Regula.
421 875 598 913 Multiplica
618 884 682 904 rem
703 884 772 903 cum
796 884 830 903 10
850 878 971 912 praeter
992 884 1065 910 rem,
1087 878 1118 903 et
1139 873 1213 903 fient
1237 884 1272 903 10
1292 884 1338 903 res
1359 878 1486 911 excepto
1507 883 1615 909 censu;

210 926 320 955 deinde
332 925 436 955 diuide
452 936 486 954 10
498 935 543 954 res
556 929 683 962 excepto
695 934 787 953 censu
799 924 829 953 in
845 935 879 953 10
891 924 1025 962 exceptis
1041 934 1054 952 2
1068 924 1168 960 rebus,
1182 934 1261 962 quae
1273 928 1345 953 sunt
1358 923 1616 953 differentiainter

173 993 199 1008 10
210 980 323 1014 partes,
347 980 377 1005 et
401 979 512 1004 exeunt
537 973 582 1012 5}
626 974 656 1003 Si
678 974 771 1011 igitur
794 973 919 1003 econtra
942 973 1195 1011 multiplicaueris
1220 973 1256 1011 ἦ
1279 984 1349 1003 cum
1375 984 1419 1010 10,
1443 973 1576 1011 exceptis
1601 983 1615 1001 2

210 1026 310 1062 rebus,
327 1025 509 1064 prouenient
534 1035 569 1053 10
590 1034 636 1053 res
652 1028 779 1062 excepto
796 1034 897 1053 censu.
941 1023 1119 1061 Multiplica
1136 1023 1228 1061 igitur
1246 1023 1283 1061 55¹1
1299 1034 1368 1053 cum
1388 1034 1432 1060 107
1450 1023 1582 1061 exceptis
1601 1032 1615 1051 2

211 1076 310 1112 rebus,
329 1080 359 1105 et
377 1075 590 1113 producuntur
610 1082 644 1111 52
663 1073 731 1103 den.
751 1078 782 1103 et
800 1074 890 1103 semis
907 1078 1029 1111 praeter
1050 1084 1084 1102 10
1102 1084 1148 1102 res
1166 1078 1196 1102 et
1214 1073 1378 1103 semissem.
1422 1073 1525 1111 Atque
1542 1073 1617 1102 haec

210 1125 314 1154 omnia
326 1129 500 1163 aequantur
515 1135 550 1153 10
562 1124 662 1160 rebus,
676 1129 803 1161 excepto
817 1133 918 1152 censu.
962 1123 1021 1152 Dic
1033 1123 1136 1161 igitur⁷
1150 1123 1351 1152 restaurando
1364 1134 1410 1152 res
1423 1128 1453 1153 et
1466 1122 1616 1163 denarios,

211 1175 294 1213 qubd
309 1175 364 1212 2022
378 1185 423 1204 res
437 1179 608 1213 aequentur
622 1172 678 1211 52}
689 1173 820 1202 denariis
834 1178 863 1202 et
878 1173 930 1202 vni
944 1173 1056 1202 censui.
1090 1173 1154 1210 Age
1166 1173 1259 1210 igitur
1269 1183 1323 1211 per
1334 1178 1427 1211 caput
1438 1183 1500 1211 quo
1510 1182 1617 1202 census

173 1234 197 1254 15
210 1228 241 1252 et
254 1223 371 1252 numeri
384 1223 474 1252 rebus
486 1227 669 1260 aequantur,
683 1223 917 1261 multiplicando
930 1222 1130 1252 medietatem
1142 1223 1281 1252 radicum
1293 1223 1324 1252 in
1337 1233 1378 1260 se,
1392 1228 1422 1253 et
1434 1223 1617 1261 prouenient

214 1272 308 1310 105T¹ff
323 1277 353 1302 et
368 1282 447 1311 quae
461 1277 632 1310 sequuntur
647 1277 678 1302 et
693 1277 770 1302 caet.

720 1407 859 1444 Quaestio
874 1407 987 1436 decima
1002 1407 1108 1445 quinta

250 1499 391 1537 Quatuor
411 1498 527 1528 radices
548 1508 655 1528 census
675 1498 900 1536 multiplicatae
921 1508 991 1527 cum
1012 1498 1148 1536 quinque
1168 1497 1322 1528 radicibus
1343 1498 1479 1528 eiusdem
1500 1509 1618 1535 census,

211 1549 387 1587 producunt
401 1548 531 1586 duplum
546 1558 652 1577 census
667 1553 697 1577 et
712 1550 759 1586 36.
803 1548 968 1585 Quaeritur
983 1548 1021 1577 de
1035 1558 1136 1577 censu.

173 1615 200 1629 κο
686 1598 902 1635 Respondetur
919 1608 954 1627 ex
970 1598 1091 1635 regula:
1121 1608 1145 1627 2.

252 1648 379 1686 Regula.
423 1648 601 1686 Multiplica
614 1658 632 1683 4
646 1658 691 1677 res
705 1658 775 1677 cum
790 1656 805 1685 5
820 1648 920 1683 rebus,
935 1652 965 1677 et
979 1647 1057 1677 fiunt
1074 1657 1110 1676 20
1123 1657 1231 1677 census
1244 1648 1297 1686 qui
1311 1654 1485 1686 aequantur
1501 1659 1515 1677 2
1525 1649 1619 1679 censi-

212 1699 269 1728 bus
286 1703 316 1728 et
334 1700 371 1736 36
388 1698 529 1727 denariis.
573 1697 687 1727 Diuide
704 1707 775 1735 ergo
792 1699 829 1734 36
846 1697 877 1726 in
897 1699 932 1726 18
949 1702 979 1726 et
997 1702 1109 1726 exeunt
1128 1707 1153 1727 2.
1197 1697 1300 1736 Atque
1318 1703 1425 1728 tantus
1442 1703 1487 1728 est
1501 1709 1618 1736 censuS,

212 1748 295 1787 quod
310 1747 477 1777 examinari
492 1747 616 1785 poterit.

735 1870 875 1907 Quaestio
890 1870 1003 1899 decima
1018 1873 1099 1899 sexta

175 1975 199 1996 25
252 1961 398 1991 Subtraxi
418 1972 436 1990 a
457 1971 549 1990 censu
571 1960 634 1990 eius
655 1971 750 1990 vnam
771 1960 896 1990 tertiam
918 1965 948 1990 et
970 1965 1031 1989 tres
1052 1960 1203 1997 denarios,
1220 1960 1425 1998 multiplicaui
1447 1961 1557 1992 deinde
1577 1972 1621 1992 re-

212 2011 335 2041 siduum
356 2021 426 2040 cum
446 2011 555 2048 seipso,
577 2010 713 2040 restituit
733 2010 808 2039 haec
829 2010 1047 2048 multiplicatio
1067 2010 1168 2048 ipsum
1189 2020 1323 2040 censum.
1366 2011 1508 2048 Quantus
1528 2012 1621 2050 igitur

213 2071 320 2090 census
335 2061 384 2097 sit,
401 2061 568 2099 quaeritur.

687 2109 904 2147 Respondetur
919 2120 954 2138 ex
968 2109 1089 2147 regula:
1115 2119 1141 2146 9.

253 2161 380 2198 Regula.
416 2160 582 2189 Subtracta
592 2160 684 2189 tertia
694 2164 725 2188 et
736 2159 834 2188 tribus
845 2169 863 2188 a
874 2159 972 2188 tribus
983 2159 1081 2188 tertiis
1092 2159 1143 2195 rei,
1155 2164 1282 2189 manent
1293 2158 1312 2198 ξ
1322 2160 1363 2189 rei
1373 2165 1494 2198 praeter
1504 2171 1519 2199 3
1532 2161 1620 2191 dena.

173 2226 203 2245 30
213 2221 292 2249 quae
304 2216 377 2240 sunt
389 2210 475 2239 radix
488 2220 603 2239 census.
648 2209 825 2247 Multiplica
838 2209 930 2246 igitur
943 2208 961 2247 ξ
974 2209 1015 2238 rei
1027 2214 1149 2247 praeter
1161 2219 1176 2246 3
1191 2209 1259 2239 denr
1274 2220 1343 2239 cum
1356 2221 1396 2247 se,
1410 2216 1439 2240 et
1452 2211 1620 2249 producen-

214 2265 264 2290 tur
279 2260 298 2298 ξ
315 2270 421 2289 census
438 2265 468 2289 et
485 2271 502 2297 9
519 2260 587 2289 den.
605 2264 726 2297 praeter
743 2269 760 2294 4
776 2269 832 2295 res,
850 2264 879 2287 et
897 2259 971 2288 illud
988 2264 1140 2297 aequatur
1153 2259 1257 2289 radici.
1302 2261 1382 2298 Ergo
1398 2260 1417 2298 ξ
1433 2271 1540 2290 census
1557 2266 1587 2291 et
1604 2272 1622 2299 9

214 2311 329 2340 denarii
345 2310 450 2339 valent
468 2319 482 2347 5
499 2320 554 2339 res.
598 2309 740 2339 Reducas
756 2308 774 2347 ἓ
789 2309 829 2338 ad
844 2319 940 2338 vnum
956 2318 1090 2345 censum,
1107 2309 1248 2344 eundem,
1265 2308 1405 2338 denarios
1421 2309 1514 2338 etiam
1530 2314 1560 2338 et
1576 2320 1621 2339 res

216 2371 284 2390 cum
308 2360 429 2389 duobus
453 2365 483 2389 et
507 2364 619 2397 quarto
642 2359 887 2397 multiplicando,
912 2363 942 2388 et
965 2359 1110 2395 inuenies,
1135 2359 1218 2396 qubd
1242 2369 1348 2388 census
1372 2364 1401 2388 et
1428 2359 1483 2396 20}
1506 2359 1622 2389 denarii

215 2415 388 2448 aequantur
403 2421 414 2438 1
423 2420 434 2438 1
449 2409 539 2439 rebus
552 2414 582 2438 et
595 2409 622 2447 '¹1-
660 2409 724 2447 Age
736 2409 829 2446 igitur
840 2418 894 2446 per
907 2413 1000 2446 caput
1013 2418 1074 2446 quo
1087 2418 1194 2437 census
1207 2413 1237 2437 et
1250 2409 1366 2438 numeri
1384 2409 1473 2438 rebus
1489 2419 1622 2447 aequan-

176 2473 203 2494 35
216 2465 274 2489 tur.
317 2460 504 2497 Accipiendo
528 2459 727 2488 medietatem
751 2458 889 2487 radicum
913 2468 992 2496 quae
1016 2463 1061 2487 est
1087 2458 1123 2496 5}
1146 2463 1176 2487 et
1200 2459 1434 2497 multiplicando
1457 2470 1525 2488 eam
1552 2469 1621 2489 cum

216 2510 323 2547 seipsa,
341 2515 371 2539 et
388 2510 466 2538 fiunt
482 2508 569 2547 31}},
586 2509 624 2538 de
640 2508 751 2546 quibus
772 2508 919 2537 subtrahe
937 2508 993 2545 20}
1008 2512 1038 2537 et
1059 2512 1185 2537 manent
1204 2507 1288 2546 ῙῙξ-ῗ,
1306 2509 1390 2538 cuius
1411 2509 1496 2538 radix
1512 2514 1557 2538 est
1573 2508 1620 2546 33„

217 2570 310 2597 quam
328 2559 366 2588 ad
384 2559 584 2588 medietatem
601 2558 738 2588 radicum
756 2558 845 2594 adde,
864 2558 935 2595 quia
953 2568 1013 2586 non
1031 2567 1084 2595 per
1101 2557 1345 2588 subtractionem
1362 2569 1423 2588 non
1441 2559 1565 2588 deunies
1582 2558 1621 2588 ad

217 2609 381 2645 intentum,
398 2614 429 2638 et
445 2609 574 2638 veniunt
590 2618 617 2646 9,
636 2618 744 2638 census
760 2607 812 2645 qui
829 2607 1044 2645 quaerebatur.
