1780 2995
184 270 241 308 146
350 271 505 299 ADDITA
532 270 730 306 QUAEDAM
760 271 836 298 PRO
865 270 1176 298 DECLARATIONE
1202 270 1413 298 ALGEBRAE

156 378 165 393 1
611 361 828 400 Respondetur
843 371 878 391 ex
893 361 1014 399 regula:
1041 362 1058 390 8
1074 365 1104 390 et
1123 371 1147 390 2.

219 413 345 450 Regula.
388 413 489 442 Vnam
508 412 674 441 sectionem
692 421 789 449 ponas
809 421 872 440 rem
892 416 923 440 et
942 411 1071 440 alteram
1094 421 1128 439 10
1146 415 1267 448 praeter
1287 421 1359 440 rem.
1403 410 1580 449 Multiplica

178 460 289 490 deinde
301 470 365 489 rem
378 470 448 489 cum
464 470 498 489 10
509 466 631 498 praeter
644 471 717 498 rem,
731 465 761 490 et
774 461 854 490 fiunt
869 471 904 489 10
916 470 962 490 res
974 465 1096 498 praeter
1109 470 1242 490 censum.
1286 461 1396 489 Postea
1409 460 1581 498 quadrupla

178 510 236 540 hoc
250 515 352 539 toturn
367 514 397 539 et
411 510 625 548 producuntur
639 521 676 547 40
690 521 736 540 res
749 516 871 549 praeter
885 521 903 546 4
917 520 1034 547 census,
1049 515 1079 539 et
1094 510 1168 539 illud
1183 515 1333 548 aequatur
1346 510 1532 548 productum
1547 520 1582 539 ex

152 570 165 591 5
178 559 444 598 multiplicationis
470 560 511 589 rei
537 570 606 590 cum
631 571 672 597 re,
699 561 782 599 quod
807 565 853 590 est
878 570 994 590 census.
1039 561 1083 589 Ex
1108 560 1273 598 hypothesi
1299 570 1369 597 ergo
1394 560 1582 597 quaestionis

178 620 285 639 census
304 609 441 648 aequalis
461 614 506 639 est
525 620 563 646 40
582 610 671 640 rebus
690 615 811 648 praeter
830 621 848 646 4
873 620 989 640 census.
1032 610 1117 640 Vnus
1142 609 1234 647 igitur
1259 620 1365 639 census
1390 615 1540 647 aequatur
1565 611 1582 639 8

178 660 277 689 rebus.
321 659 379 689 Sed
394 659 443 688 ille
458 664 503 689 est
519 661 565 696 64,
581 660 667 689 radix
681 670 754 689 vero
768 670 912 689 numerus
928 662 954 689 8.
997 660 1066 689 Vna
1080 659 1173 697 igitur
1187 659 1282 689 sectio
1296 664 1341 688 est
1357 661 1384 695 8,
1400 664 1430 688 et
1444 669 1498 697 per
1512 669 1582 689 con-

177 719 306 747 sequens
324 709 441 747 reliqua
460 719 485 739 2.
527 710 594 739 Ista
611 714 716 739 autem
734 710 874 748 quaestio
891 709 1048 739 reducitur
1064 709 1104 739 ad
1122 714 1216 747 caput
1233 709 1286 738 vbi
1304 719 1411 739 census
1428 709 1582 739 radicibus

177 764 338 797 aequatur.

140 874 167 889 ω
737 842 875 880 Quaestio
890 842 1018 871 secunda

217 924 317 954 Diuisi
340 935 374 953 10
393 924 424 953 in
444 924 520 954 duas
539 930 653 962 partes,
674 930 704 954 et
724 924 938 963 multiplicaui,
962 935 996 953 10
1016 934 1086 954 cum
1105 924 1214 962 seipso,
1235 924 1356 963 fuitque
1375 924 1527 954 resultans
1547 935 1582 954 ex

178 974 232 1004 tali
254 974 512 1012 multiplicatione
534 975 661 1012 aequale
684 974 737 1003 vni
760 974 891 1004 duarum
913 974 1050 1012 partium
1073 974 1300 1011 multiplicatae
1322 984 1392 1004 cum
1415 974 1514 1012 seipsa
1536 974 1582 1004 bis

177 1028 208 1053 et
223 1029 341 1062 septem
356 1023 444 1053 nonis
459 1023 725 1062 multiplicationis
740 1024 848 1053 vnius:
875 1034 954 1062 quae
969 1023 1062 1061 igitur
1078 1024 1203 1053 fuerunt
1217 1024 1345 1062 partes?

629 1074 846 1112 Respondetur
860 1084 895 1103 ex
910 1074 1029 1111 regula:
1056 1076 1073 1103 6
1088 1078 1119 1103 et
1133 1084 1160 1109 4.

139 1130 164 1151 1⁵
217 1123 344 1161 Regula.
387 1123 525 1153 Ponatur
542 1133 604 1153 vna
622 1124 754 1153 duarum
771 1123 908 1162 partium
926 1134 981 1160 res,
1001 1133 1080 1161 quae
1097 1123 1320 1161 multiplicetur
1338 1133 1407 1153 curn
1425 1123 1533 1162 seipsa,
1552 1129 1583 1153 et

177 1174 212 1203 fit
233 1183 349 1203 census.
392 1173 423 1202 Is
443 1183 550 1202 census
571 1173 716 1211 dupletur
736 1178 767 1203 et
787 1174 943 1203 addantur
963 1178 1081 1211 septem
1101 1183 1201 1202 nonae
1217 1183 1324 1202 census
1344 1178 1374 1202 et
1395 1173 1545 1203 resultant
1567 1184 1582 1202 2

178 1228 208 1253 et
225 1223 253 1261 ἐ,
271 1223 329 1252 hoc
346 1228 391 1252 est
408 1223 519 1260 viginti
536 1223 671 1262 quinque
688 1234 797 1260 nonae,
811 1234 927 1253 census.
971 1223 1070 1261 Igitur
1087 1223 1111 1252 si
1125 1233 1232 1252 census
1245 1228 1323 1252 esset
1340 1233 1452 1252 nouem
1469 1228 1582 1261 partes,

177 1273 254 1302 istae
277 1278 376 1302 essent
400 1273 527 1311 quintae
549 1283 620 1310 pars
643 1278 674 1303 et
697 1279 831 1312 quatuor
854 1273 981 1311 quintae
1004 1273 1094 1302 vnius
1117 1273 1244 1311 quintae
1267 1273 1374 1309 totius,
1398 1273 1482 1311 quod
1505 1277 1583 1302 esset

177 1323 287 1361 viginti
308 1323 444 1361 quinque
464 1333 572 1352 nonae.
617 1322 675 1351 Sed
697 1332 732 1351 ex
752 1321 918 1359 hypothesi
940 1326 1042 1350 totum
1064 1321 1307 1358 multiplicatum
1328 1321 1375 1350 vel
1396 1321 1583 1358 productum

139 1388 167 1404 20
177 1378 223 1403 est
244 1383 306 1402 100.
349 1372 528 1410 Accipiatur
544 1372 637 1410 igitur
654 1371 764 1410 quinta
780 1381 851 1409 pars
869 1376 899 1400 et
916 1370 935 1409 ξ
952 1371 1080 1409 quintae
1096 1370 1193 1408 partis
1211 1380 1246 1399 ex
1263 1380 1390 1399 numero
1410 1380 1474 1407 100,
1493 1375 1583 1400 erunt

177 1428 282 1452 autem
296 1423 371 1452 haec
385 1424 431 1460 36.
474 1423 578 1460 Atque
592 1426 698 1451 tantus
713 1426 758 1450 est
773 1431 889 1457 census,
905 1421 990 1450 cuius
1005 1420 1091 1450 radix
1104 1420 1217 1450 scilicet
1233 1422 1250 1449 6
1264 1430 1326 1449 vna
1340 1420 1498 1449 diuisionis
1512 1430 1583 1458 pars

177 1473 208 1502 in
229 1472 387 1510 proposita
408 1472 597 1510 quaestione.
641 1471 811 1500 Reducitur
832 1475 887 1500 aut
907 1470 983 1500 haec
1004 1470 1144 1508 quaestio
1164 1470 1205 1499 ad
1226 1474 1319 1508 caput
1341 1470 1371 1499 in
1393 1480 1454 1508 quo
1476 1480 1583 1500 census

177 1532 305 1552 numero
319 1526 479 1560 aequatur.

759 1604 897 1641 Quaestio
912 1604 996 1632 tertia

138 1693 164 1714 ²⁵
217 1688 317 1717 Diuisi
336 1698 370 1716 10
385 1688 415 1716 in
431 1687 507 1717 duas
522 1692 635 1725 partes,
652 1691 682 1716 et
695 1686 785 1716 diuisi
798 1696 892 1715 vnam
905 1690 1025 1724 partem
1038 1685 1068 1714 in
1085 1685 1177 1714 aliam
1190 1689 1220 1714 et
1233 1684 1393 1714 exiuerunt
1409 1695 1437 1720 4.
1482 1685 1580 1722 Quae-

178 1738 264 1774 ritur,
281 1748 361 1776 quae
376 1737 437 1766 sint
452 1742 565 1775 partes.

612 1785 829 1824 Respondetur
843 1795 878 1814 ex
893 1785 1014 1822 regula:
1040 1786 1057 1813 8
1072 1789 1103 1814 et
1120 1795 1145 1813 2.

217 1837 344 1875 Regula.
388 1837 433 1866 Sit
451 1847 512 1866 vna
530 1846 600 1874 pars
618 1846 674 1872 res,
693 1840 723 1865 et
741 1836 837 1864 altera
858 1845 893 1863 10
910 1839 1032 1872 praeter
1049 1844 1122 1863 rem.
1166 1834 1196 1863 Si
1214 1833 1306 1871 igitur
1324 1844 1359 1862 ex
1378 1833 1527 1863 diuisione
1548 1843 1582 1862 10

177 1892 298 1926 praeter
313 1897 377 1916 rern
392 1887 423 1916 in
439 1897 502 1916 rem
518 1886 643 1915 exierint
660 1896 687 1921 4.
730 1885 829 1922 Igitur
844 1895 879 1913 ex
895 1884 1152 1922 multiplicatione
1167 1894 1185 1920 4
1201 1893 1271 1913 cum
1287 1893 1317 1912 re
1333 1883 1528 1912 resultabunt
1548 1893 1582 1912 10

138 1949 166 1968 30
176 1942 298 1976 praeter
322 1947 394 1966 rem.
438 1937 578 1974 Quatuor
601 1936 695 1973 igitur
718 1945 764 1964 res
788 1939 860 1964 sunt
888 1944 923 1963 10
945 1938 1067 1972 praeter
1091 1943 1164 1969 rem,
1190 1938 1284 1971 atque
1307 1933 1352 1962 ita
1376 1932 1512 1970 quinque
1536 1942 1582 1961 res

177 1988 283 2017 decem
298 1987 441 2025 praecise.
485 1986 565 2023 Ergo
581 1996 642 2014 vna
658 1995 704 2014 res
721 1995 746 2014 2.
790 1984 961 2013 Reducitur
975 1988 1081 2013 autem
1096 1983 1171 2012 haec
1186 1982 1326 2021 quaestio
1342 1982 1382 2011 ad
1397 1982 1472 2011 illud
1488 1986 1582 2020 caput

177 2037 231 2067 vbi
246 2047 292 2066 res
308 2046 435 2066 numero
451 2040 612 2074 aequatur.

765 2117 903 2155 Quaestio
918 2120 1022 2154 quarta

218 2202 429 2240 Multiplicaui
456 2201 582 2231 tertiam
608 2205 729 2239 partem
756 2210 863 2229 census
891 2204 921 2228 et
948 2199 1108 2228 denarium
1135 2208 1231 2228 vnum
1259 2208 1328 2228 cum
1356 2202 1466 2236 quarta
1493 2202 1582 2236 parte

139 2265 166 2286 35
179 2263 286 2283 census
302 2257 333 2281 et
349 2262 419 2281 curn
435 2251 560 2281 denario
576 2260 647 2287 vno,
665 2255 695 2279 et
710 2254 919 2288 prouenerunt
936 2251 971 2286 63
985 2259 990 2278 :
1017 2253 1154 2287 quantus
1169 2248 1262 2286 igitur
1277 2253 1323 2277 est
1340 2248 1470 2277 census?

644 2299 860 2338 Respondetur
876 2309 911 2328 ex
925 2299 1045 2336 regula:
1074 2309 1118 2334 24.

219 2352 346 2390 Regula.
389 2350 566 2388 Multiplica
594 2350 719 2379 tertiam
745 2353 867 2387 partem
894 2358 964 2378 cum
992 2353 1114 2386 quarta,
1141 2352 1172 2377 et
1198 2347 1385 2385 producetur
1411 2357 1482 2384 pars
1508 2346 1583 2375 duo-

179 2402 298 2432 decima
319 2411 443 2436 census;
475 2400 585 2429 deinde
606 2399 777 2437 multiplica
798 2408 895 2427 vnum
916 2397 1076 2427 denarium
1097 2407 1167 2427 cum
1188 2395 1204 2430 ὲ
1225 2401 1255 2426 et
1276 2396 1463 2434 producetur
1483 2394 1503 2435 ᾧ
1524 2395 1582 2431 rei;

180 2451 352 2490 multiplica
366 2451 460 2480 etiam
474 2449 598 2479 tertiam
612 2459 682 2478 curn
695 2447 821 2478 denario
834 2452 864 2477 et
878 2447 1065 2485 producetur
1078 2446 1097 2484 ὲ
1109 2446 1161 2482 rei,
1176 2451 1270 2484 atque
1284 2445 1410 2475 tandem
1423 2445 1583 2474 denarium

141 2514 169 2534 40
181 2512 250 2531 cum
266 2501 401 2537 denario,
418 2505 448 2529 et
463 2499 651 2537 producetur
666 2497 817 2527 denarius.
862 2497 918 2525 Est
934 2500 1039 2525 autem
1055 2500 1157 2525 totum
1173 2494 1438 2533 multiplicationis
1453 2494 1583 2532 produc-

181 2557 248 2581 tum
270 2551 309 2589 ᾖ
330 2560 446 2586 census,
469 2553 580 2587 quarta
602 2548 643 2577 rei
665 2552 696 2577 et
718 2547 810 2577 tertia
831 2546 873 2575 rei
894 2550 989 2583 atque
1010 2545 1162 2581 denarius,
1185 2549 1353 2583 aequantes
1374 2546 1409 2581 63
1432 2544 1581 2573 denarios.

181 2601 297 2630 Demas
318 2600 411 2638 igitur
431 2598 531 2637 primo
553 2597 713 2627 denarium
734 2596 867 2634 Vtrique,
890 2605 996 2625 casum
1017 2594 1127 2624 deinde
1148 2593 1239 2631 hunc,
1262 2598 1297 2623 vt
1319 2593 1444 2632 quidem
1466 2603 1584 2631 semper
