1780 2995
246 269 305 308 138
418 272 571 299 ADDITA
598 272 796 306 QUAEDAM
826 273 902 300 PRO
929 272 1240 300 DECLARATIONE
1267 272 1476 300 ALGEBRAE

221 375 231 390 1
243 361 389 392 diminuti
407 363 522 392 fuerint
540 363 571 392 in
591 368 732 402 Vtroque,
753 368 828 393 tunc
846 364 1064 402 multiplicatio
1083 363 1239 402 quaelibet
1259 364 1351 393 debet
1370 363 1452 393 addi.
1496 363 1526 393 Si
1545 368 1650 394 autem

243 422 321 442 vnus
342 412 434 442 fuerit
453 413 579 443 additus
599 418 630 442 et
649 413 727 443 alter
746 413 928 451 diminutus,
950 418 1025 443 tunc
1044 414 1104 443 ista
1124 413 1341 452 multiplicatio
1361 413 1502 443 subtrahi
1521 413 1613 443 debet
1633 423 1651 444 a

242 462 410 500 productis.

612 521 752 559 Sequitur
767 521 857 551 liuius
871 522 914 551 rei
928 522 969 551 vel
983 522 1098 559 regulae
1113 522 1280 559 exemplum

219 605 232 626 s
282 594 370 624 Idem
386 599 433 624 est
449 595 653 634 multiplicare
670 597 687 625 8
704 605 773 625 cum
793 605 837 633 17,
851 600 882 625 et
898 596 1104 634 multiplicare
1123 606 1158 625 10
1172 600 1295 634 praeter
1313 606 1327 625 2
1345 606 1415 626 cum
1433 606 1469 625 20
1484 601 1606 634 praeter
1621 606 1651 634 3,

242 648 273 673 et
294 644 352 674 hoc
373 644 425 674 fiet
447 645 497 674 sic.
542 645 719 683 Multiplica
743 656 778 674 10
799 655 869 675 cum
893 656 937 682 20,
960 650 991 675 et
1013 646 1206 675 resultabant
1230 656 1293 675 200.
1338 646 1458 675 Deinde
1479 646 1651 684 multiplica

241 698 363 732 praeter
383 704 397 723 2
417 704 487 724 cum
507 705 552 731 20,
572 699 602 724 et
620 695 815 724 resultabunt
833 705 881 731 40,
900 695 1112 725 subtrahenda
1129 695 1147 724 a
1168 706 1223 724 200
1241 700 1271 725 et
1290 700 1417 725 manent
1439 697 1502 725 160.
1545 696 1651 725 Tertio

241 744 413 782 multiplica
431 754 466 773 10
481 754 551 774 cum
565 749 687 782 praeter
701 755 729 782 3,
745 749 776 774 et
791 745 987 774 resultabunt
1002 755 1049 783 30,
1065 745 1276 774 subtrahenda
1291 755 1309 774 a
1326 747 1382 774 160
1396 750 1427 775 et
1442 750 1570 775 manent
1587 756 1651 783 130.

241 794 360 831 Quarti)
378 794 549 832 multiplica
567 800 688 832 praeter
708 805 721 823 2
741 804 811 824 cum
829 799 950 832 praeter
968 805 984 832 3
1004 799 1034 824 et
1052 795 1249 825 resultabunt
1267 797 1284 824 6
1301 795 1455 832 addenda,
1474 800 1505 825 et
1522 795 1651 825 veniunt

204 854 231 869 10
243 845 307 881 136.
350 843 450 881 Igitur
463 849 534 873 octo
548 844 646 873 decies
660 844 772 882 septies
786 849 858 873 sunt
875 846 938 882 136.

280 934 426 973 Sequitur
443 935 533 964 huius
549 935 592 964 rei
608 935 751 965 calculus.

802 1003 838 1022 10
852 998 976 1030 praeter
1014 1002 1029 1022 2

801 1052 836 1071 20
852 1046 976 1080 praeter
1012 1053 1028 1080 3

779 1102 834 1122 200
851 1097 974 1130 praeter
989 1102 1029 1128 40

204 1152 227 1172 15
846 1147 970 1180 praeter
986 1152 1025 1180 30
1040 1147 1071 1171 et
1087 1143 1105 1170 6

914 1194 969 1230 136
986 1196 1017 1221 et
1033 1197 1112 1221 caet.

518 1291 619 1320 Aucta
634 1291 756 1320 minuta
771 1291 861 1320 simul
877 1291 1013 1327 minues;
1040 1291 1094 1320 sed
1110 1295 1232 1320 caetera
1246 1291 1363 1329 iunges.

518 1341 701 1379 Aequantur
716 1351 844 1370 numero
859 1341 977 1370 radices
993 1341 1135 1370 censibus
1151 1341 1254 1378 ambo,

517 1391 554 1420 In
570 1390 671 1420 medio
686 1391 814 1427 minues,
831 1391 904 1420 alibi
920 1391 1004 1429 quod
1019 1391 1141 1429 colliges
1157 1391 1260 1420 addes.

203 1510 230 1525 20
416 1499 489 1528 Alia
504 1499 561 1528 tria
576 1499 721 1535 carmina,
737 1509 811 1537 quae
825 1499 916 1528 trium
931 1499 1140 1537 aequationum
1155 1499 1287 1537 exempla
1302 1503 1472 1537 proponunt

517 1573 635 1603 Census
650 1578 680 1603 et
696 1575 713 1603 8
728 1584 774 1603 res
789 1584 827 1611 30
842 1574 946 1603 valent
962 1573 1051 1603 simul
1067 1578 1098 1603 et
1114 1578 1184 1603 tres.

517 1623 634 1652 Census
649 1633 719 1652 cum
734 1633 816 1659 seno,
833 1633 879 1653 res
894 1623 1030 1661 quinque
1045 1623 1146 1652 valere
1161 1628 1280 1653 notato.

518 1672 724 1711 Aequiualent
740 1683 864 1702 censum
879 1683 926 1702 res
940 1683 958 1709 4
974 1678 1005 1702 et
1020 1673 1189 1702 duodenus.

429 1780 599 1818 Sequuntur
613 1790 693 1809 nunc
708 1781 741 1809 in
755 1781 949 1810 declaratione
963 1781 1095 1818 exempla
1110 1780 1368 1818 multiplicationis
1383 1780 1445 1810 alia

203 1866 228 1886 25
281 1854 311 1884 Si
328 1864 398 1884 cum
416 1865 452 1884 10
466 1860 588 1893 praeter
602 1865 666 1884 rem
682 1855 793 1884 debeas
809 1855 1013 1893 multiplicare
1032 1865 1075 1884 10.

280 1904 459 1942 Multiplica
479 1915 514 1933 10
531 1914 601 1934 cum
622 1915 665 1942 10,
684 1909 714 1934 et
732 1904 810 1934 fiunt
830 1915 893 1934 100.
937 1905 1058 1934 Deinde
1074 1905 1246 1943 multiplica
1266 1915 1301 1934 10
1318 1914 1388 1934 cum
1404 1914 1445 1942 re,
1464 1909 1494 1934 et
1511 1904 1591 1934 fiunt
1615 1915 1650 1934 10

240 1964 286 1983 res
302 1954 530 1984 diminuendae.
574 1954 634 1984 Dic
650 1964 720 1993 ergo
735 1954 818 1993 qubd
833 1955 983 1984 resultent
1000 1965 1055 1984 100
1070 1954 1174 1984 denar.
1190 1958 1312 1993 praeter
1329 1964 1364 1983 10
1378 1964 1434 1984 res.

279 2004 361 2033 Item
376 2004 529 2033 secundbz
555 2004 579 2033 si
595 2014 665 2034 cum
682 2015 717 2033 10
732 2009 762 2034 et
776 2015 807 2034 re
822 2005 1041 2042 multiplicares
1056 2004 1181 2034 deberes
1199 2015 1243 2034 10.

279 2053 460 2092 Multiplica
477 2064 512 2083 10
526 2063 596 2083 cum
613 2064 648 2083 10
661 2058 692 2083 et
706 2064 748 2092 re,
763 2058 794 2084 et
808 2054 1004 2084 resultabunt
1021 2064 1076 2083 100
1090 2054 1208 2083 denarii
1222 2058 1252 2083 et
1269 2064 1304 2083 10
1318 2063 1374 2083 res.

200 2113 229 2132 30
279 2104 360 2132 Item
375 2103 478 2133 tertib.
522 2104 552 2134 Si
567 2114 638 2134 cum
656 2114 690 2133 10
705 2108 737 2133 et
752 2114 783 2133 re
797 2104 1004 2142 multiplicare
1019 2104 1148 2133 deberes
1166 2114 1201 2133 10
1216 2108 1246 2133 et
1261 2113 1334 2133 rem.

279 2153 457 2191 Multiplica
476 2164 510 2182 10
525 2163 595 2183 cum
613 2164 657 2190 10,
673 2158 703 2183 et
718 2154 797 2183 fiunt
815 2164 879 2183 100.
923 2153 1044 2183 Deinde
1059 2153 1231 2191 multiplica
1245 2163 1309 2182 rem
1324 2163 1395 2183 cum
1412 2163 1456 2190 10,
1472 2157 1503 2182 et
1517 2153 1596 2183 fiunt
1613 2163 1648 2182 10

239 2212 286 2232 res
301 2203 471 2233 addendae.
514 2203 620 2233 Tertii>
635 2204 807 2242 multiplica
831 2214 865 2233 10
887 2213 957 2233 cum
978 2214 1019 2240 re,
1041 2208 1071 2233 et
1092 2203 1172 2233 fiunt
1196 2213 1230 2232 10
1250 2213 1297 2232 res
1317 2202 1487 2232 addendae.
1530 2203 1648 2240 Quartb

240 2253 410 2291 multiplica
430 2263 493 2282 rem
514 2263 584 2283 cum
603 2263 644 2291 re,
665 2258 696 2283 et
716 2253 751 2283 fit
771 2263 878 2283 census
897 2253 1067 2283 addendus.
1112 2253 1180 2282 Erit
1200 2263 1270 2291 ergo
1290 2257 1394 2282 totum
1416 2262 1470 2281 100
1490 2252 1590 2289 dena.‚
1613 2262 1648 2281 20

240 2312 286 2332 res
300 2307 331 2332 et
346 2312 462 2332 census.

200 2360 227 2380 35
279 2352 360 2381 Item
375 2352 496 2390 quarte).
540 2352 571 2382 Si
586 2362 656 2382 cum
674 2363 708 2382 10
722 2357 845 2391 praeter
859 2362 924 2382 rem
939 2352 1145 2391 multiplicare
1159 2352 1252 2382 debes
1270 2362 1305 2381 10
1319 2356 1441 2390 praeter
1455 2361 1528 2381 rem.

279 2402 457 2440 Multiplica
474 2412 509 2431 10
522 2412 593 2432 cum
610 2413 654 2439 10,
669 2407 699 2432 et
713 2402 793 2432 fiunt
810 2413 873 2431 100.
917 2402 1038 2432 Deinde
1051 2402 1223 2440 multiplica
1236 2412 1301 2431 rem
1314 2401 1502 2431 diminutam
1515 2411 1585 2430 cum
1601 2411 1646 2437 10,

239 2456 270 2480 et
288 2451 367 2481 fiunt
388 2462 423 2480 10
441 2462 487 2481 res
505 2452 732 2481 diminuendae.
777 2452 911 2481 Manent
929 2457 1034 2481 autem
1055 2462 1109 2481 100
1126 2456 1249 2490 praeter
1269 2462 1304 2480 10
1322 2461 1376 2480 res.
1420 2450 1526 2480 Tertia
1543 2450 1646 2479 multi-

239 2501 319 2538 plica
332 2511 367 2530 10
377 2511 447 2531 cum
459 2511 490 2531 re
502 2502 665 2538 diminuta,
677 2507 707 2531 et
720 2502 799 2531 fiunt
815 2512 850 2531 10
862 2512 908 2531 res
921 2502 1147 2531 diminuendae.
1191 2501 1324 2530 Manent
1337 2506 1443 2530 autem
1458 2510 1513 2529 100
1524 2504 1644 2537 praeter

242 2560 278 2579 20
289 2560 345 2580 res.
388 2551 506 2588 Quarti)
516 2551 686 2589 multiplica
699 2561 762 2581 rem
772 2551 958 2581 diminutam
970 2561 1040 2581 cum
1050 2561 1081 2581 re
1093 2551 1256 2587 diminuta,
1267 2555 1299 2580 et
1311 2550 1346 2580 fit
1356 2560 1463 2580 census
1474 2549 1645 2579 addendus.

201 2612 229 2631 40
239 2600 355 2630 Totum
370 2600 463 2638 igitur
477 2605 567 2630 erunt
584 2611 639 2630 100
653 2601 780 2638 denarii,
795 2611 903 2631 census
917 2605 1039 2639 praeter
1055 2611 1092 2630 20
1105 2610 1161 2631 res.
