<?xml version="1.0" encoding="UTF-8"?>
<!DOCTYPE html PUBLIC "-//W3C//DTD XHTML 1.0 Transitional//EN"
    "http://www.w3.org/TR/xhtml1/DTD/xhtml1-transitional.dtd">
<html xmlns="http://www.w3.org/1999/xhtml" xml:lang="en" lang="en">
 <head>
  <title>
</title>
<meta http-equiv="Content-Type" content="text/html;charset=utf-8" />
  <meta name='ocr-system' content='tesseract 3.04.00' />
  <meta name='ocr-capabilities' content='ocr_page ocr_carea ocr_par ocr_line ocrx_word'/>
</head>
<body>
  <div class='ocr_page' id='page_1' title='image "./robertofchesters00khuw_0100.png"; bbox 0 0 1780 2995; ppageno 0'>
   <div class='ocr_carea' id='block_1_1' title="bbox 215 293 1282 332">
    <p class='ocr_par' dir='ltr' id='par_1_1' title="bbox 215 293 1282 332">
     <span class='ocr_line' id='line_1_1' title="bbox 215 293 1282 332; baseline -0.002 -10"><span class='ocrx_word' id='word_1_1' title='bbox 215 300 255 332; x_wconf 92' lang='lat'>70</span> <span class='ocrx_word' id='word_1_2' title='bbox 552 293 672 321; x_wconf 89' lang='lat' dir='ltr'>LIBER</span> <span class='ocrx_word' id='word_1_3' title='bbox 700 293 909 320; x_wconf 87' lang='lat' dir='ltr'><strong>ALGEBRAE</strong></span> <span class='ocrx_word' id='word_1_4' title='bbox 936 293 988 320; x_wconf 94' lang='lat' dir='ltr'>ET</span> <span class='ocrx_word' id='word_1_5' title='bbox 1014 293 1282 321; x_wconf 88' lang='lat' dir='ltr'><strong>ALMUCABOLA</strong></span> 
     </span>
    </p>
   </div>
   <div class='ocr_carea' id='block_1_2' title="bbox 190 383 974 416">
    <p class='ocr_par' dir='ltr' id='par_1_2' title="bbox 190 383 974 416">
     <span class='ocr_line' id='line_1_2' title="bbox 190 383 974 416; baseline -0.003 -1"><span class='ocrx_word' id='word_1_6' title='bbox 190 401 200 416; x_wconf 93' lang='lat'>1</span> <span class='ocrx_word' id='word_1_7' title='bbox 213 384 409 415; x_wconf 87' lang='lat' dir='ltr'>substantiae</span> <span class='ocrx_word' id='word_1_8' title='bbox 425 383 659 414; x_wconf 88' lang='lat' dir='ltr'>similitudinem</span> <span class='ocrx_word' id='word_1_9' title='bbox 675 389 766 414; x_wconf 85' lang='lat' dir='ltr'>erunt</span> <span class='ocrx_word' id='word_1_10' title='bbox 782 384 974 414; x_wconf 82' lang='lat' dir='ltr'>tractandae.</span> 
     </span>
    </p>
   </div>
   <div class='ocr_carea' id='block_1_3' title="bbox 1017 384 1620 421">
    <p class='ocr_par' dir='ltr' id='par_1_3' title="bbox 1017 384 1620 421">
     <span class='ocr_line' id='line_1_3' title="bbox 1017 384 1620 421; baseline -0.002 -7"><span class='ocrx_word' id='word_1_11' title='bbox 1017 385 1085 414; x_wconf 92' lang='lat' dir='ltr'>Hoc</span> <span class='ocrx_word' id='word_1_12' title='bbox 1096 389 1152 421; x_wconf 89' lang='lat' dir='ltr'>est,</span> <span class='ocrx_word' id='word_1_13' title='bbox 1163 384 1188 414; x_wconf 93' lang='lat' dir='ltr'>si</span> <span class='ocrx_word' id='word_1_14' title='bbox 1198 384 1392 414; x_wconf 90' lang='lat' dir='ltr'>substantiae</span> <span class='ocrx_word' id='word_1_15' title='bbox 1402 384 1482 413; x_wconf 86' lang='lat' dir='ltr'>duae</span> <span class='ocrx_word' id='word_1_16' title='bbox 1494 384 1542 414; x_wconf 90' lang='lat' dir='ltr'>vel</span> <span class='ocrx_word' id='word_1_17' title='bbox 1558 388 1620 414; x_wconf 90' lang='lat' dir='ltr'>tres</span> 
     </span>
    </p>
   </div>
   <div class='ocr_carea' id='block_1_4' title="bbox 211 433 1619 473">
    <p class='ocr_par' dir='ltr' id='par_1_4' title="bbox 211 433 1619 473">
     <span class='ocr_line' id='line_1_4' title="bbox 211 433 1619 473; baseline -0.001 -9"><span class='ocrx_word' id='word_1_18' title='bbox 211 434 261 465; x_wconf 89' lang='lat' dir='ltr'>vel</span> <span class='ocrx_word' id='word_1_19' title='bbox 277 439 422 473; x_wconf 89' lang='lat' dir='ltr'>quatuor,</span> <span class='ocrx_word' id='word_1_20' title='bbox 435 434 500 464; x_wconf 88' lang='lat' dir='ltr'>siue</span> <span class='ocrx_word' id='word_1_21' title='bbox 515 434 610 464; x_wconf 91' lang='lat' dir='ltr'>etiam</span> <span class='ocrx_word' id='word_1_22' title='bbox 625 434 727 472; x_wconf 89' lang='lat' dir='ltr'>plures</span> <span class='ocrx_word' id='word_1_23' title='bbox 740 434 864 469; x_wconf 83' lang='lat' dir='ltr'>fuerint,</span> <span class='ocrx_word' id='word_1_24' title='bbox 878 444 983 463; x_wconf 84' lang='lat' dir='ltr'>earum</span> <span class='ocrx_word' id='word_1_25' title='bbox 1000 444 1070 463; x_wconf 90' lang='lat' dir='ltr'>cum</span> <span class='ocrx_word' id='word_1_26' title='bbox 1086 434 1148 463; x_wconf 92' lang='lat' dir='ltr'>suis</span> <span class='ocrx_word' id='word_1_27' title='bbox 1164 433 1318 463; x_wconf 87' lang='lat' dir='ltr'>radicibus</span> <span class='ocrx_word' id='word_1_28' title='bbox 1334 433 1526 472; x_wconf 90' lang='lat' dir='ltr'>coaequatio,</span> <span class='ocrx_word' id='word_1_29' title='bbox 1540 433 1619 463; x_wconf 89' lang='lat' dir='ltr'>sicut</span> 
     </span>
    </p>
   </div>
   <div class='ocr_carea' id='block_1_5' title="bbox 212 483 850 522">
    <p class='ocr_par' dir='ltr' id='par_1_5' title="bbox 212 483 850 522">
     <span class='ocr_line' id='line_1_5' title="bbox 212 483 850 522; baseline -0.003 -8"><span class='ocrx_word' id='word_1_30' title='bbox 212 484 303 514; x_wconf 83' lang='lat' dir='ltr'>Vnius</span> <span class='ocrx_word' id='word_1_31' title='bbox 319 494 389 513; x_wconf 90' lang='lat' dir='ltr'>cum</span> <span class='ocrx_word' id='word_1_32' title='bbox 405 494 460 514; x_wconf 90' lang='lat' dir='ltr'>sua</span> <span class='ocrx_word' id='word_1_33' title='bbox 476 483 587 520; x_wconf 82' lang='lat' dir='ltr'>radice,</span> <span class='ocrx_word' id='word_1_34' title='bbox 603 483 779 522; x_wconf 89' lang='lat' dir='ltr'>quaerenda</span> <span class='ocrx_word' id='word_1_35' title='bbox 795 488 850 513; x_wconf 88' lang='lat' dir='ltr'>est.</span> 
     </span>
    </p>
   </div>
   <div class='ocr_carea' id='block_1_6' title="bbox 894 483 1619 520">
    <p class='ocr_par' dir='ltr' id='par_1_6' title="bbox 894 483 1619 520">
     <span class='ocr_line' id='line_1_6' title="bbox 894 483 1619 520; baseline 0 -8"><span class='ocrx_word' id='word_1_36' title='bbox 894 483 925 513; x_wconf 88' lang='lat' dir='ltr'>Si</span> <span class='ocrx_word' id='word_1_37' title='bbox 940 483 1012 512; x_wconf 74' lang='lat' dir='ltr'>vero</span> <span class='ocrx_word' id='word_1_38' title='bbox 1028 483 1130 513; x_wconf 89' lang='lat' dir='ltr'>minus</span> <span class='ocrx_word' id='word_1_39' title='bbox 1145 493 1206 512; x_wconf 89' lang='lat' dir='ltr'>vna</span> <span class='ocrx_word' id='word_1_40' title='bbox 1222 483 1325 519; x_wconf 85' lang='lat' dir='ltr'>fuerit,</span> <span class='ocrx_word' id='word_1_41' title='bbox 1341 483 1399 513; x_wconf 91' lang='lat' dir='ltr'>hoc</span> <span class='ocrx_word' id='word_1_42' title='bbox 1414 487 1470 520; x_wconf 90' lang='lat' dir='ltr'>est,</span> <span class='ocrx_word' id='word_1_43' title='bbox 1487 483 1512 512; x_wconf 92' lang='lat' dir='ltr'>si</span> <span class='ocrx_word' id='word_1_44' title='bbox 1527 483 1619 513; x_wconf 89' lang='lat' dir='ltr'>tertia</span> 
     </span>
    </p>
   </div>
   <div class='ocr_carea' id='block_1_7' title="bbox 212 533 1619 572">
    <p class='ocr_par' dir='ltr' id='par_1_7' title="bbox 212 533 1619 572">
     <span class='ocr_line' id='line_1_7' title="bbox 212 533 1619 572; baseline -0.001 -9"><span class='ocrx_word' id='word_1_45' title='bbox 212 534 261 563; x_wconf 87' lang='lat' dir='ltr'>vel</span> <span class='ocrx_word' id='word_1_46' title='bbox 275 539 387 572; x_wconf 89' lang='lat' dir='ltr'>quarta</span> <span class='ocrx_word' id='word_1_47' title='bbox 401 534 449 563; x_wconf 93' lang='lat' dir='ltr'>vel</span> <span class='ocrx_word' id='word_1_48' title='bbox 463 533 573 572; x_wconf 86' lang='lat' dir='ltr'>quinta</span> <span class='ocrx_word' id='word_1_49' title='bbox 586 543 658 572; x_wconf 91' lang='lat' dir='ltr'>pars</span> <span class='ocrx_word' id='word_1_50' title='bbox 672 533 866 563; x_wconf 86' lang='lat' dir='ltr'>substantiae</span> <span class='ocrx_word' id='word_1_51' title='bbox 879 533 928 562; x_wconf 90' lang='lat' dir='ltr'>vel</span> <span class='ocrx_word' id='word_1_52' title='bbox 942 533 1052 562; x_wconf 89' lang='lat' dir='ltr'>radicis</span> <span class='ocrx_word' id='word_1_53' title='bbox 1065 533 1225 571; x_wconf 88' lang='lat' dir='ltr'>proposita</span> <span class='ocrx_word' id='word_1_54' title='bbox 1239 533 1341 570; x_wconf 77' lang='lat' dir='ltr'>fuerit,</span> <span class='ocrx_word' id='word_1_55' title='bbox 1356 533 1464 562; x_wconf 89' lang='lat' dir='ltr'>eodem</span> <span class='ocrx_word' id='word_1_56' title='bbox 1478 533 1570 562; x_wconf 90' lang='lat' dir='ltr'>modo</span> <span class='ocrx_word' id='word_1_57' title='bbox 1583 542 1619 562; x_wconf 89' lang='lat' dir='ltr'>ea</span> 
     </span>
    </p>
   </div>
   <div class='ocr_carea' id='block_1_8' title="bbox 188 583 575 620">
    <p class='ocr_par' dir='ltr' id='par_1_8' title="bbox 188 583 575 620">
     <span class='ocr_line' id='line_1_8' title="bbox 188 583 575 620; baseline 0 -7"><span class='ocrx_word' id='word_1_58' title='bbox 188 593 200 614; x_wconf 84' lang='lat'>5</span> <span class='ocrx_word' id='word_1_59' title='bbox 213 588 375 620; x_wconf 80' lang='lat' dir='ltr'>tractetur,</span> <span class='ocrx_word' id='word_1_60' title='bbox 391 588 426 613; x_wconf 88' lang='lat' dir='ltr'>vt</span> <span class='ocrx_word' id='word_1_61' title='bbox 442 583 466 613; x_wconf 91' lang='lat' dir='ltr'>si</span> <span class='ocrx_word' id='word_1_62' title='bbox 482 583 575 620; x_wconf 84' lang='lat' dir='ltr'>dicas,</span> 
     </span>
    </p>
   </div>
   <div class='ocr_carea' id='block_1_9' title="bbox 211 633 1141 770">
    <p class='ocr_par' dir='ltr' id='par_1_9' title="bbox 211 633 1141 770">
     <span class='ocr_line' id='line_1_9' title="bbox 252 633 927 671; baseline 0 -9"><span class='ocrx_word' id='word_1_63' title='bbox 252 633 395 671; x_wconf 87' lang='lat' dir='ltr'>Quinque</span> <span class='ocrx_word' id='word_1_64' title='bbox 422 633 616 663; x_wconf 88' lang='lat' dir='ltr'>substantiae</span> <span class='ocrx_word' id='word_1_65' title='bbox 643 634 680 662; x_wconf 85' lang='lat'>80</span> <span class='ocrx_word' id='word_1_66' title='bbox 706 637 927 671; x_wconf 85' lang='lat' dir='ltr'>coaequantur.</span> 
     </span>
     <span class='ocr_line' id='line_1_10' title="bbox 211 682 1141 721; baseline -0.001 -9"><span class='ocrx_word' id='word_1_67' title='bbox 211 683 330 712; x_wconf 89' lang='lat' dir='ltr'>numeri</span> <span class='ocrx_word' id='word_1_68' title='bbox 347 685 384 712; x_wconf 82' lang='lat'>80</span> <span class='ocrx_word' id='word_1_69' title='bbox 400 687 598 721; x_wconf 81' lang='lat' dir='ltr'>coaequatur,</span> <span class='ocrx_word' id='word_1_70' title='bbox 617 693 711 721; x_wconf 86' lang='lat' dir='ltr'>quam</span> <span class='ocrx_word' id='word_1_71' title='bbox 727 682 870 712; x_wconf 88' lang='lat' dir='ltr'>videlicet</span> <span class='ocrx_word' id='word_1_72' title='bbox 889 684 923 712; x_wconf 91' lang='lat'>16</span> <span class='ocrx_word' id='word_1_73' title='bbox 940 687 1141 721; x_wconf 90' lang='lat' dir='ltr'>componunt.</span> 
     </span>
     <span class='ocr_line' id='line_1_11' title="bbox 252 732 902 770; baseline -0.002 -8"><span class='ocrx_word' id='word_1_74' title='bbox 252 732 408 762; x_wconf 87' lang='lat' dir='ltr'>Medietas</span> <span class='ocrx_word' id='word_1_75' title='bbox 431 732 625 762; x_wconf 88' lang='lat' dir='ltr'>substantiae</span> <span class='ocrx_word' id='word_1_76' title='bbox 648 734 682 761; x_wconf 87' lang='lat'>18</span> <span class='ocrx_word' id='word_1_77' title='bbox 703 737 902 770; x_wconf 85' lang='lat' dir='ltr'>coaequatur.</span> 
     </span>
    </p>
   </div>
   <div class='ocr_carea' id='block_1_10' title="bbox 945 631 1619 770">
    <p class='ocr_par' dir='ltr' id='par_1_10' title="bbox 945 631 1619 770">
     <span class='ocr_line' id='line_1_12' title="bbox 970 631 1619 671; baseline -0.002 -9"><span class='ocrx_word' id='word_1_78' title='bbox 970 633 1039 662; x_wconf 85' lang='lat' dir='ltr'>Vna</span> <span class='ocrx_word' id='word_1_79' title='bbox 1065 632 1158 670; x_wconf 86' lang='lat' dir='ltr'>igitur</span> <span class='ocrx_word' id='word_1_80' title='bbox 1184 632 1360 662; x_wconf 85' lang='lat' dir='ltr'>substantia</span> <span class='ocrx_word' id='word_1_81' title='bbox 1383 632 1512 671; x_wconf 85' lang='lat' dir='ltr'>quintae</span> <span class='ocrx_word' id='word_1_82' title='bbox 1536 631 1619 670; x_wconf 91' lang='lat' dir='ltr'>parti</span> 
     </span>
     <span class='ocr_line' id='line_1_13' title="bbox 1184 682 1486 719; baseline 0 -8"><span class='ocrx_word' id='word_1_83' title='bbox 1184 683 1226 712; x_wconf 91' lang='lat' dir='ltr'>Et</span> <span class='ocrx_word' id='word_1_84' title='bbox 1242 682 1336 712; x_wconf 88' lang='lat' dir='ltr'>etiam</span> <span class='ocrx_word' id='word_1_85' title='bbox 1353 682 1377 712; x_wconf 88' lang='lat' dir='ltr'>si</span> <span class='ocrx_word' id='word_1_86' title='bbox 1393 682 1486 719; x_wconf 89' lang='lat' dir='ltr'>dicas,</span> 
     </span>
     <span class='ocr_line' id='line_1_14' title="bbox 945 732 1619 770; baseline -0.001 -9"><span class='ocrx_word' id='word_1_87' title='bbox 945 733 1031 761; x_wconf 89' lang='lat' dir='ltr'>Haec</span> <span class='ocrx_word' id='word_1_88' title='bbox 1052 732 1145 770; x_wconf 90' lang='lat' dir='ltr'>igitur</span> <span class='ocrx_word' id='word_1_89' title='bbox 1167 732 1342 761; x_wconf 91' lang='lat' dir='ltr'>substantia</span> <span class='ocrx_word' id='word_1_90' title='bbox 1362 733 1399 770; x_wconf 80' lang='lat'>36</span> <span class='ocrx_word' id='word_1_91' title='bbox 1420 735 1619 770; x_wconf 86' lang='lat' dir='ltr'>coaequatur.</span> 
     </span>
    </p>
   </div>
   <div class='ocr_carea' id='block_1_11' title="bbox 176 781 1620 920">
    <p class='ocr_par' dir='ltr' id='par_1_11' title="bbox 176 781 1620 920">
     <span class='ocr_line' id='line_1_15' title="bbox 212 781 1620 820; baseline -0.001 -9"><span class='ocrx_word' id='word_1_92' title='bbox 212 783 280 812; x_wconf 91' lang='lat' dir='ltr'>Hoc</span> <span class='ocrx_word' id='word_1_93' title='bbox 301 782 393 811; x_wconf 90' lang='lat' dir='ltr'>modo</span> <span class='ocrx_word' id='word_1_94' title='bbox 413 792 519 812; x_wconf 90' lang='lat' dir='ltr'>omnes</span> <span class='ocrx_word' id='word_1_95' title='bbox 538 781 743 818; x_wconf 82' lang='lat' dir='ltr'>substantiae,</span> <span class='ocrx_word' id='word_1_96' title='bbox 764 786 920 820; x_wconf 90' lang='lat' dir='ltr'>quotquot</span> <span class='ocrx_word' id='word_1_97' title='bbox 940 781 971 811; x_wconf 93' lang='lat' dir='ltr'>in</span> <span class='ocrx_word' id='word_1_98' title='bbox 991 792 1087 811; x_wconf 89' lang='lat' dir='ltr'>vnum</span> <span class='ocrx_word' id='word_1_99' title='bbox 1107 782 1300 817; x_wconf 91' lang='lat' dir='ltr'>coniunctae,</span> <span class='ocrx_word' id='word_1_100' title='bbox 1321 791 1375 811; x_wconf 91' lang='lat' dir='ltr'>seu</span> <span class='ocrx_word' id='word_1_101' title='bbox 1394 791 1474 819; x_wconf 90' lang='lat' dir='ltr'>quae</span> <span class='ocrx_word' id='word_1_102' title='bbox 1493 781 1533 810; x_wconf 91' lang='lat' dir='ltr'>ab</span> <span class='ocrx_word' id='word_1_103' title='bbox 1553 781 1620 810; x_wconf 86' lang='lat' dir='ltr'>aliis</span> 
     </span>
     <span class='ocr_line' id='line_1_16' title="bbox 176 830 1620 868; baseline -0.001 -7"><span class='ocrx_word' id='word_1_104' title='bbox 176 847 202 861; x_wconf 88' lang='lat'>10</span> <span class='ocrx_word' id='word_1_105' title='bbox 213 832 385 861; x_wconf 85' lang='lat' dir='ltr'>diminutae</span> <span class='ocrx_word' id='word_1_106' title='bbox 402 832 527 868; x_wconf 83' lang='lat' dir='ltr'>fuerint,</span> <span class='ocrx_word' id='word_1_107' title='bbox 545 832 585 861; x_wconf 89' lang='lat' dir='ltr'>ad</span> <span class='ocrx_word' id='word_1_108' title='bbox 602 842 697 861; x_wconf 83' lang='lat' dir='ltr'>vnam</span> <span class='ocrx_word' id='word_1_109' title='bbox 715 836 936 861; x_wconf 89' lang='lat' dir='ltr'>conuertentur</span> <span class='ocrx_word' id='word_1_110' title='bbox 953 831 1171 861; x_wconf 80' lang='lat' dir='ltr'>substantiam.</span> <span class='ocrx_word' id='word_1_111' title='bbox 1214 832 1283 861; x_wconf 88' lang='lat' dir='ltr'>Hoc</span> <span class='ocrx_word' id='word_1_112' title='bbox 1300 831 1381 861; x_wconf 90' lang='lat' dir='ltr'>idem</span> <span class='ocrx_word' id='word_1_113' title='bbox 1399 841 1469 860; x_wconf 88' lang='lat' dir='ltr'>curn</span> <span class='ocrx_word' id='word_1_114' title='bbox 1486 830 1620 860; x_wconf 87' lang='lat' dir='ltr'>numeris</span> 
     </span>
     <span class='ocr_line' id='line_1_17' title="bbox 212 881 1060 920; baseline -0.001 -9"><span class='ocrx_word' id='word_1_115' title='bbox 212 881 317 918; x_wconf 74' lang='lat' dir='ltr'>etiam,</span> <span class='ocrx_word' id='word_1_116' title='bbox 335 881 388 920; x_wconf 89' lang='lat' dir='ltr'>qui</span> <span class='ocrx_word' id='word_1_117' title='bbox 404 891 474 911; x_wconf 90' lang='lat' dir='ltr'>cum</span> <span class='ocrx_word' id='word_1_118' title='bbox 491 881 675 911; x_wconf 82' lang='lat' dir='ltr'>substantiis</span> <span class='ocrx_word' id='word_1_119' title='bbox 691 881 816 918; x_wconf 84' lang='lat' dir='ltr'>fuerint,</span> <span class='ocrx_word' id='word_1_120' title='bbox 833 881 988 919; x_wconf 89' lang='lat' dir='ltr'>agendum</span> <span class='ocrx_word' id='word_1_121' title='bbox 1004 886 1060 911; x_wconf 87' lang='lat' dir='ltr'>est.</span> 
     </span>
    </p>
   </div>
   <div class='ocr_carea' id='block_1_12' title="bbox 250 931 862 969">
    <p class='ocr_par' dir='ltr' id='par_1_12' title="bbox 250 931 862 969">
     <span class='ocr_line' id='line_1_18' title="bbox 250 931 862 969; baseline 0 -9"><span class='ocrx_word' id='word_1_122' title='bbox 250 931 295 960; x_wconf 77' lang='lat' dir='ltr'>De</span> <span class='ocrx_word' id='word_1_123' title='bbox 310 931 459 960; x_wconf 79' lang='lat' dir='ltr'>radicibus</span> <span class='ocrx_word' id='word_1_124' title='bbox 475 941 610 960; x_wconf 79' lang='lat' dir='ltr'>numeros</span> <span class='ocrx_word' id='word_1_125' title='bbox 626 931 862 969; x_wconf 75' lang='lat' dir='ltr'>coaequantibus.</span> 
     </span>
    </p>
   </div>
   <div class='ocr_carea' id='block_1_13' title="bbox 906 929 1123 969">
    <p class='ocr_par' dir='ltr' id='par_1_13' title="bbox 906 929 1123 969">
     <span class='ocr_line' id='line_1_19' title="bbox 906 929 1123 969; baseline 0 -9"><span class='ocrx_word' id='word_1_126' title='bbox 906 931 952 961; x_wconf 94' lang='lat' dir='ltr'>Ca</span> <span class='ocrx_word' id='word_1_127' title='bbox 967 929 1044 969; x_wconf 91' lang='lat' dir='ltr'>[put]</span> <span class='ocrx_word' id='word_1_128' title='bbox 1063 931 1123 960; x_wconf 95' lang='lat' dir='ltr'>III.</span> 
     </span>
    </p>
   </div>
   <div class='ocr_carea' id='block_1_14' title="bbox 252 980 1076 1019">
    <p class='ocr_par' dir='ltr' id='par_1_14' title="bbox 252 980 1076 1019">
     <span class='ocr_line' id='line_1_20' title="bbox 252 980 1076 1019; baseline 0 -9"><span class='ocrx_word' id='word_1_129' title='bbox 252 981 383 1010; x_wconf 87' lang='lat' dir='ltr'>Radices</span> <span class='ocrx_word' id='word_1_130' title='bbox 399 991 478 1019; x_wconf 91' lang='lat' dir='ltr'>quae</span> <span class='ocrx_word' id='word_1_131' title='bbox 493 991 637 1010; x_wconf 89' lang='lat' dir='ltr'>numeros</span> <span class='ocrx_word' id='word_1_132' title='bbox 652 985 827 1018; x_wconf 90' lang='lat' dir='ltr'>coaequant</span> <span class='ocrx_word' id='word_1_133' title='bbox 842 985 925 1016; x_wconf 69' lang='lat' dir='ltr'>sunt,</span> <span class='ocrx_word' id='word_1_134' title='bbox 942 980 967 1010; x_wconf 88' lang='lat' dir='ltr'>si</span> <span class='ocrx_word' id='word_1_135' title='bbox 982 980 1076 1017; x_wconf 88' lang='lat' dir='ltr'>dicas,</span> 
     </span>
    </p>
   </div>
   <div class='ocr_carea' id='block_1_15' title="bbox 175 1030 820 1116">
    <p class='ocr_par' dir='ltr' id='par_1_15' title="bbox 175 1030 820 1116">
     <span class='ocr_line' id='line_1_21' title="bbox 252 1030 820 1068; baseline -0.002 -8"><span class='ocrx_word' id='word_1_136' title='bbox 252 1030 353 1060; x_wconf 82' lang='lat' dir='ltr'>Radix</span> <span class='ocrx_word' id='word_1_137' title='bbox 368 1030 502 1060; x_wconf 89' lang='lat' dir='ltr'>ternario</span> <span class='ocrx_word' id='word_1_138' title='bbox 516 1035 669 1068; x_wconf 86' lang='lat' dir='ltr'>aequatur</span> <span class='ocrx_word' id='word_1_139' title='bbox 683 1040 820 1060; x_wconf 89' lang='lat' dir='ltr'>numero.</span> 
     </span>
     <span class='ocr_line' id='line_1_22' title="bbox 175 1080 820 1116; baseline 0 -7"><span class='ocrx_word' id='word_1_140' title='bbox 175 1089 200 1109; x_wconf 82' lang='lat'>15</span> <span class='ocrx_word' id='word_1_141' title='bbox 212 1080 307 1109; x_wconf 92' lang='lat' dir='ltr'>habet</span> <span class='ocrx_word' id='word_1_142' title='bbox 322 1090 476 1110; x_wconf 89' lang='lat' dir='ltr'>numerus.</span> <span class='ocrx_word' id='word_1_143' title='bbox 520 1081 562 1109; x_wconf 91' lang='lat' dir='ltr'>Et</span> <span class='ocrx_word' id='word_1_144' title='bbox 577 1080 673 1109; x_wconf 86' lang='lat' dir='ltr'>etiam</span> <span class='ocrx_word' id='word_1_145' title='bbox 687 1080 712 1109; x_wconf 91' lang='lat' dir='ltr'>si</span> <span class='ocrx_word' id='word_1_146' title='bbox 726 1080 820 1116; x_wconf 88' lang='lat' dir='ltr'>dicas,</span> 
     </span>
    </p>
   </div>
   <div class='ocr_carea' id='block_1_16' title="bbox 251 1129 1150 1216">
    <p class='ocr_par' dir='ltr' id='par_1_16' title="bbox 251 1129 1150 1216">
     <span class='ocr_line' id='line_1_23' title="bbox 251 1129 1064 1168; baseline -0.001 -9"><span class='ocrx_word' id='word_1_147' title='bbox 251 1130 393 1167; x_wconf 90' lang='lat' dir='ltr'>Quatuor</span> <span class='ocrx_word' id='word_1_148' title='bbox 416 1129 533 1159; x_wconf 87' lang='lat' dir='ltr'>radices</span> <span class='ocrx_word' id='word_1_149' title='bbox 556 1129 667 1167; x_wconf 88' lang='lat' dir='ltr'>vigeno</span> <span class='ocrx_word' id='word_1_150' title='bbox 691 1134 904 1168; x_wconf 83' lang='lat' dir='ltr'>coaequantur</span> <span class='ocrx_word' id='word_1_151' title='bbox 927 1139 1064 1159; x_wconf 88' lang='lat' dir='ltr'>numero.</span> 
     </span>
     <span class='ocr_line' id='line_1_24' title="bbox 855 1179 1150 1216; baseline -0.003 -7"><span class='ocrx_word' id='word_1_152' title='bbox 855 1180 896 1209; x_wconf 88' lang='lat' dir='ltr'>Et</span> <span class='ocrx_word' id='word_1_153' title='bbox 910 1179 1005 1209; x_wconf 84' lang='lat' dir='ltr'>etiarn</span> <span class='ocrx_word' id='word_1_154' title='bbox 1018 1179 1043 1209; x_wconf 84' lang='lat' dir='ltr'>si</span> <span class='ocrx_word' id='word_1_155' title='bbox 1056 1179 1150 1216; x_wconf 85' lang='lat' dir='ltr'>dicas,</span> 
     </span>
    </p>
   </div>
   <div class='ocr_carea' id='block_1_17' title="bbox 210 1179 811 1218">
    <p class='ocr_par' dir='ltr' id='par_1_17' title="bbox 210 1179 811 1218">
     <span class='ocr_line' id='line_1_25' title="bbox 210 1179 811 1218; baseline -0.002 -9"><span class='ocrx_word' id='word_1_156' title='bbox 210 1179 301 1209; x_wconf 89' lang='lat' dir='ltr'>huius</span> <span class='ocrx_word' id='word_1_157' title='bbox 315 1179 456 1218; x_wconf 90' lang='lat' dir='ltr'>quinario</span> <span class='ocrx_word' id='word_1_158' title='bbox 470 1184 660 1218; x_wconf 87' lang='lat' dir='ltr'>coaequatur</span> <span class='ocrx_word' id='word_1_159' title='bbox 672 1189 811 1209; x_wconf 88' lang='lat' dir='ltr'>numero.</span> 
     </span>
    </p>
   </div>
   <div class='ocr_carea' id='block_1_18' title="bbox 251 1229 976 1267">
    <p class='ocr_par' dir='ltr' id='par_1_18' title="bbox 251 1229 976 1267">
     <span class='ocr_line' id='line_1_26' title="bbox 251 1229 976 1267; baseline 0 -9"><span class='ocrx_word' id='word_1_160' title='bbox 251 1229 359 1258; x_wconf 88' lang='lat' dir='ltr'>Media</span> <span class='ocrx_word' id='word_1_161' title='bbox 378 1229 464 1258; x_wconf 64' lang='lat' dir='ltr'>radix:</span> <span class='ocrx_word' id='word_1_162' title='bbox 484 1229 609 1258; x_wconf 87' lang='lat' dir='ltr'>denario</span> <span class='ocrx_word' id='word_1_163' title='bbox 630 1234 819 1267; x_wconf 91' lang='lat' dir='ltr'>coaequatur</span> <span class='ocrx_word' id='word_1_164' title='bbox 838 1239 976 1258; x_wconf 89' lang='lat' dir='ltr'>numero.</span> 
     </span>
    </p>
   </div>
   <div class='ocr_carea' id='block_1_19' title="bbox 863 1029 1620 1068">
    <p class='ocr_par' dir='ltr' id='par_1_19' title="bbox 863 1029 1620 1068">
     <span class='ocr_line' id='line_1_27' title="bbox 863 1029 1620 1068; baseline -0.001 -9"><span class='ocrx_word' id='word_1_165' title='bbox 863 1030 965 1060; x_wconf 86' lang='lat' dir='ltr'>Huius</span> <span class='ocrx_word' id='word_1_166' title='bbox 979 1030 1073 1068; x_wconf 86' lang='lat' dir='ltr'>igitur</span> <span class='ocrx_word' id='word_1_167' title='bbox 1087 1030 1198 1059; x_wconf 85' lang='lat' dir='ltr'>radicis</span> <span class='ocrx_word' id='word_1_168' title='bbox 1213 1029 1421 1059; x_wconf 87' lang='lat' dir='ltr'>substantiam</span> <span class='ocrx_word' id='word_1_169' title='bbox 1436 1029 1620 1059; x_wconf 89' lang='lat' dir='ltr'>nouenarius</span> 
     </span>
    </p>
   </div>
   <div class='ocr_carea' id='block_1_20' title="bbox 1107 1128 1622 1167">
    <p class='ocr_par' dir='ltr' id='par_1_20' title="bbox 1107 1128 1622 1167">
     <span class='ocr_line' id='line_1_28' title="bbox 1107 1128 1622 1167; baseline -0.002 -9"><span class='ocrx_word' id='word_1_170' title='bbox 1107 1130 1177 1159; x_wconf 90' lang='lat' dir='ltr'>Vna</span> <span class='ocrx_word' id='word_1_171' title='bbox 1200 1129 1294 1167; x_wconf 88' lang='lat' dir='ltr'>igitur</span> <span class='ocrx_word' id='word_1_172' title='bbox 1317 1129 1404 1158; x_wconf 80' lang='lat' dir='ltr'>radix</span> <span class='ocrx_word' id='word_1_173' title='bbox 1428 1128 1622 1158; x_wconf 91' lang='lat' dir='ltr'>substantiae</span> 
     </span>
    </p>
   </div>
   <div class='ocr_carea' id='block_1_21' title="bbox 1018 1228 1622 1267">
    <p class='ocr_par' dir='ltr' id='par_1_21' title="bbox 1018 1228 1622 1267">
     <span class='ocr_line' id='line_1_29' title="bbox 1018 1228 1622 1267; baseline 0 -9"><span class='ocrx_word' id='word_1_174' title='bbox 1018 1230 1101 1258; x_wconf 91' lang='lat' dir='ltr'>Tota</span> <span class='ocrx_word' id='word_1_175' title='bbox 1120 1228 1215 1267; x_wconf 88' lang='lat' dir='ltr'>igitur</span> <span class='ocrx_word' id='word_1_176' title='bbox 1233 1228 1320 1258; x_wconf 86' lang='lat' dir='ltr'>radix</span> <span class='ocrx_word' id='word_1_177' title='bbox 1339 1228 1450 1266; x_wconf 90' lang='lat' dir='ltr'>vigeno</span> <span class='ocrx_word' id='word_1_178' title='bbox 1469 1232 1622 1266; x_wconf 89' lang='lat' dir='ltr'>aequatur</span> 
     </span>
    </p>
   </div>
   <div class='ocr_carea' id='block_1_22' title="bbox 174 1279 1622 1367">
    <p class='ocr_par' dir='ltr' id='par_1_22' title="bbox 174 1279 1622 1367">
     <span class='ocr_line' id='line_1_30' title="bbox 211 1279 1148 1316; baseline 0 -8"><span class='ocrx_word' id='word_1_179' title='bbox 211 1289 350 1316; x_wconf 86' lang='lat' dir='ltr'>numero,</span> <span class='ocrx_word' id='word_1_180' title='bbox 365 1279 451 1308; x_wconf 92' lang='lat' dir='ltr'>cuius</span> <span class='ocrx_word' id='word_1_181' title='bbox 465 1279 609 1308; x_wconf 87' lang='lat' dir='ltr'>videlicet</span> <span class='ocrx_word' id='word_1_182' title='bbox 624 1279 835 1308; x_wconf 90' lang='lat' dir='ltr'>substantiam</span> <span class='ocrx_word' id='word_1_183' title='bbox 849 1289 908 1315; x_wconf 89' lang='lat'>400</span> <span class='ocrx_word' id='word_1_184' title='bbox 923 1279 1148 1308; x_wconf 88' lang='lat' dir='ltr'>demonstrant.</span> 
     </span>
     <span class='ocr_line' id='line_1_31' title="bbox 174 1327 1622 1367; baseline 0 -9"><span class='ocrx_word' id='word_1_185' title='bbox 174 1337 202 1352; x_wconf 89' lang='lat'>²0</span> <span class='ocrx_word' id='word_1_186' title='bbox 252 1328 385 1358; x_wconf 88' lang='lat' dir='ltr'>Radices</span> <span class='ocrx_word' id='word_1_187' title='bbox 405 1328 499 1366; x_wconf 87' lang='lat' dir='ltr'>igitur</span> <span class='ocrx_word' id='word_1_188' title='bbox 519 1334 550 1358; x_wconf 92' lang='lat' dir='ltr'>et</span> <span class='ocrx_word' id='word_1_189' title='bbox 572 1329 766 1358; x_wconf 87' lang='lat' dir='ltr'>substantiae</span> <span class='ocrx_word' id='word_1_190' title='bbox 788 1333 820 1358; x_wconf 90' lang='lat' dir='ltr'>et</span> <span class='ocrx_word' id='word_1_191' title='bbox 841 1329 961 1358; x_wconf 91' lang='lat' dir='ltr'>numeri</span> <span class='ocrx_word' id='word_1_192' title='bbox 982 1329 1091 1365; x_wconf 86' lang='lat' dir='ltr'>solum,</span> <span class='ocrx_word' id='word_1_193' title='bbox 1113 1328 1377 1367; x_wconf 86' lang='lat' dir='ltr'>quemadmodum</span> <span class='ocrx_word' id='word_1_194' title='bbox 1398 1327 1541 1364; x_wconf 40' lang='lat' dir='ltr'>diximus</span> <span class='ocrx_word' id='word_1_195' title='bbox 1562 1327 1622 1357; x_wconf 86' lang='lat' dir='ltr'>dis-</span> 
     </span>
    </p>
   </div>
   <div class='ocr_carea' id='block_1_23' title="bbox 211 1378 739 1466">
    <p class='ocr_par' dir='ltr' id='par_1_23' title="bbox 211 1378 739 1466">
     <span class='ocr_line' id='line_1_32' title="bbox 214 1378 406 1416; baseline 0 -9"><span class='ocrx_word' id='word_1_196' title='bbox 214 1378 406 1416; x_wconf 90' lang='lat' dir='ltr'>tinguuntur.</span> 
     </span>
     <span class='ocr_line' id='line_1_33' title="bbox 211 1427 739 1466; baseline 0 -9"><span class='ocrx_word' id='word_1_197' title='bbox 211 1438 322 1466; x_wconf 86' lang='lat' dir='ltr'>genera</span> <span class='ocrx_word' id='word_1_198' title='bbox 337 1427 498 1466; x_wconf 90' lang='lat' dir='ltr'>tripliciter</span> <span class='ocrx_word' id='word_1_199' title='bbox 512 1428 677 1464; x_wconf 88' lang='lat' dir='ltr'>distincta;</span> <span class='ocrx_word' id='word_1_200' title='bbox 702 1433 739 1457; x_wconf 93' lang='lat' dir='ltr'>vt</span> 
     </span>
    </p>
   </div>
   <div class='ocr_carea' id='block_1_24' title="bbox 450 1377 1622 1417">
    <p class='ocr_par' dir='ltr' id='par_1_24' title="bbox 450 1377 1622 1417">
     <span class='ocr_line' id='line_1_34' title="bbox 450 1377 1622 1417; baseline -0.001 -9"><span class='ocrx_word' id='word_1_201' title='bbox 450 1378 539 1408; x_wconf 89' lang='lat' dir='ltr'>Vnde</span> <span class='ocrx_word' id='word_1_202' title='bbox 559 1383 590 1408; x_wconf 87' lang='lat' dir='ltr'>et</span> <span class='ocrx_word' id='word_1_203' title='bbox 610 1388 646 1408; x_wconf 83' lang='lat' dir='ltr'>ex</span> <span class='ocrx_word' id='word_1_204' title='bbox 666 1379 713 1408; x_wconf 90' lang='lat' dir='ltr'>his</span> <span class='ocrx_word' id='word_1_205' title='bbox 734 1378 835 1408; x_wconf 89' lang='lat' dir='ltr'>tribus</span> <span class='ocrx_word' id='word_1_206' title='bbox 855 1378 955 1408; x_wconf 89' lang='lat' dir='ltr'>modis</span> <span class='ocrx_word' id='word_1_207' title='bbox 976 1388 1053 1417; x_wconf 90' lang='lat' dir='ltr'>quos</span> <span class='ocrx_word' id='word_1_208' title='bbox 1073 1378 1135 1408; x_wconf 88' lang='lat' dir='ltr'>iam</span> <span class='ocrx_word' id='word_1_209' title='bbox 1155 1378 1379 1417; x_wconf 81' lang='lat' dir='ltr'>praemisimus,</span> <span class='ocrx_word' id='word_1_210' title='bbox 1401 1378 1460 1408; x_wconf 90' lang='lat' dir='ltr'>tria</span> <span class='ocrx_word' id='word_1_211' title='bbox 1480 1377 1622 1408; x_wconf 88' lang='lat' dir='ltr'>oriuntur</span> 
     </span>
    </p>
   </div>
   <div class='ocr_carea' id='block_1_25' title="bbox 175 1503 1333 1641">
    <p class='ocr_par' dir='ltr' id='par_1_25' title="bbox 175 1503 1333 1641">
     <span class='ocr_line' id='line_1_35' title="bbox 569 1503 1279 1542; baseline 0 -9"><span class='ocrx_word' id='word_1_212' title='bbox 569 1503 752 1533; x_wconf 87' lang='lat' dir='ltr'>Substantia</span> <span class='ocrx_word' id='word_1_213' title='bbox 768 1508 799 1533; x_wconf 91' lang='lat' dir='ltr'>et</span> <span class='ocrx_word' id='word_1_214' title='bbox 814 1503 932 1533; x_wconf 88' lang='lat' dir='ltr'>radices</span> <span class='ocrx_word' id='word_1_215' title='bbox 947 1513 1090 1533; x_wconf 91' lang='lat' dir='ltr'>numeros</span> <span class='ocrx_word' id='word_1_216' title='bbox 1105 1508 1279 1542; x_wconf 89' lang='lat' dir='ltr'>coaequant</span> 
     </span>
     <span class='ocr_line' id='line_1_36' title="bbox 569 1552 1333 1591; baseline 0 -8"><span class='ocrx_word' id='word_1_217' title='bbox 569 1552 774 1590; x_wconf 80' lang='lat' dir='ltr'>Substa[n]tia</span> <span class='ocrx_word' id='word_1_218' title='bbox 789 1558 820 1583; x_wconf 90' lang='lat' dir='ltr'>et</span> <span class='ocrx_word' id='word_1_219' title='bbox 835 1553 955 1583; x_wconf 90' lang='lat' dir='ltr'>numeri</span> <span class='ocrx_word' id='word_1_220' title='bbox 970 1553 1086 1583; x_wconf 86' lang='lat' dir='ltr'>radices</span> <span class='ocrx_word' id='word_1_221' title='bbox 1102 1558 1285 1591; x_wconf 88' lang='lat' dir='ltr'>coaequant,</span> <span class='ocrx_word' id='word_1_222' title='bbox 1301 1558 1333 1583; x_wconf 90' lang='lat' dir='ltr'>et</span> 
     </span>
     <span class='ocr_line' id='line_1_37' title="bbox 175 1603 1308 1641; baseline 0 -9"><span class='ocrx_word' id='word_1_223' title='bbox 175 1611 201 1632; x_wconf 83' lang='lat'>²5</span> <span class='ocrx_word' id='word_1_224' title='bbox 570 1603 703 1633; x_wconf 90' lang='lat' dir='ltr'>Radices</span> <span class='ocrx_word' id='word_1_225' title='bbox 719 1608 749 1632; x_wconf 91' lang='lat' dir='ltr'>et</span> <span class='ocrx_word' id='word_1_226' title='bbox 765 1603 885 1633; x_wconf 88' lang='lat' dir='ltr'>numeri</span> <span class='ocrx_word' id='word_1_227' title='bbox 901 1603 1110 1633; x_wconf 90' lang='lat' dir='ltr'>substantiam</span> <span class='ocrx_word' id='word_1_228' title='bbox 1125 1608 1308 1641; x_wconf 88' lang='lat' dir='ltr'>coaequant.</span> 
     </span>
    </p>
   </div>
   <div class='ocr_carea' id='block_1_26' title="bbox 252 1684 1094 1722">
    <p class='ocr_par' dir='ltr' id='par_1_26' title="bbox 252 1684 1094 1722">
     <span class='ocr_line' id='line_1_38' title="bbox 252 1684 1094 1722; baseline 0.001 -9"><span class='ocrx_word' id='word_1_229' title='bbox 252 1685 297 1714; x_wconf 87' lang='lat' dir='ltr'>De</span> <span class='ocrx_word' id='word_1_230' title='bbox 311 1684 485 1714; x_wconf 79' lang='lat' dir='ltr'>substantiis</span> <span class='ocrx_word' id='word_1_231' title='bbox 500 1688 526 1714; x_wconf 79' lang='lat' dir='ltr'>et</span> <span class='ocrx_word' id='word_1_232' title='bbox 541 1684 690 1714; x_wconf 76' lang='lat' dir='ltr'>radicibus</span> <span class='ocrx_word' id='word_1_233' title='bbox 707 1695 842 1715; x_wconf 77' lang='lat' dir='ltr'>numeros</span> <span class='ocrx_word' id='word_1_234' title='bbox 858 1685 1094 1722; x_wconf 75' lang='lat' dir='ltr'>coaequantibus.</span> 
     </span>
    </p>
   </div>
   <div class='ocr_carea' id='block_1_27' title="bbox 1138 1683 1374 1722">
    <p class='ocr_par' dir='ltr' id='par_1_27' title="bbox 1138 1683 1374 1722">
     <span class='ocr_line' id='line_1_39' title="bbox 1138 1683 1374 1722; baseline 0 -8"><span class='ocrx_word' id='word_1_235' title='bbox 1138 1684 1184 1714; x_wconf 88' lang='lat' dir='ltr'>Ca</span> <span class='ocrx_word' id='word_1_236' title='bbox 1200 1683 1278 1722; x_wconf 87' lang='lat' dir='ltr'>[put]</span> <span class='ocrx_word' id='word_1_237' title='bbox 1295 1685 1374 1714; x_wconf 92' lang='lat' dir='ltr'>IIII.</span> 
     </span>
    </p>
   </div>
   <div class='ocr_carea' id='block_1_28' title="bbox 253 1734 1424 1773">
    <p class='ocr_par' dir='ltr' id='par_1_28' title="bbox 253 1734 1424 1773">
     <span class='ocr_line' id='line_1_40' title="bbox 253 1734 1424 1773; baseline 0 -9"><span class='ocrx_word' id='word_1_238' title='bbox 253 1734 454 1764; x_wconf 89' lang='lat' dir='ltr'>Substantiae</span> <span class='ocrx_word' id='word_1_239' title='bbox 468 1735 541 1764; x_wconf 73' lang='lat' dir='ltr'>vero</span> <span class='ocrx_word' id='word_1_240' title='bbox 557 1739 588 1764; x_wconf 90' lang='lat' dir='ltr'>et</span> <span class='ocrx_word' id='word_1_241' title='bbox 604 1734 721 1764; x_wconf 88' lang='lat' dir='ltr'>radices</span> <span class='ocrx_word' id='word_1_242' title='bbox 737 1745 817 1773; x_wconf 91' lang='lat' dir='ltr'>quae</span> <span class='ocrx_word' id='word_1_243' title='bbox 832 1744 975 1764; x_wconf 88' lang='lat' dir='ltr'>numeros</span> <span class='ocrx_word' id='word_1_244' title='bbox 991 1739 1175 1773; x_wconf 79' lang='lat' dir='ltr'>coaequant,</span> <span class='ocrx_word' id='word_1_245' title='bbox 1191 1739 1274 1771; x_wconf 91' lang='lat' dir='ltr'>sunt,</span> <span class='ocrx_word' id='word_1_246' title='bbox 1291 1734 1315 1764; x_wconf 84' lang='lat' dir='ltr'>si</span> <span class='ocrx_word' id='word_1_247' title='bbox 1330 1734 1424 1766; x_wconf 85' lang='lat' dir='ltr'>dicas.</span> 
     </span>
    </p>
   </div>
   <div class='ocr_carea' id='block_1_29' title="bbox 253 1784 1136 1822">
    <p class='ocr_par' dir='ltr' id='par_1_29' title="bbox 253 1784 1136 1822">
     <span class='ocr_line' id='line_1_41' title="bbox 253 1784 1136 1822; baseline 0.001 -9"><span class='ocrx_word' id='word_1_248' title='bbox 253 1784 436 1814; x_wconf 89' lang='lat' dir='ltr'>Substantia</span> <span class='ocrx_word' id='word_1_249' title='bbox 453 1789 484 1814; x_wconf 91' lang='lat' dir='ltr'>et</span> <span class='ocrx_word' id='word_1_250' title='bbox 503 1795 539 1813; x_wconf 91' lang='lat'>10</span> <span class='ocrx_word' id='word_1_251' title='bbox 556 1784 673 1814; x_wconf 89' lang='lat' dir='ltr'>radices</span> <span class='ocrx_word' id='word_1_252' title='bbox 690 1795 726 1822; x_wconf 80' lang='lat'>39</span> <span class='ocrx_word' id='word_1_253' title='bbox 744 1789 956 1822; x_wconf 87' lang='lat' dir='ltr'>coaequantur</span> <span class='ocrx_word' id='word_1_254' title='bbox 972 1784 1136 1814; x_wconf 87' lang='lat' dir='ltr'>drachmis.</span> 
     </span>
    </p>
   </div>
   <div class='ocr_carea' id='block_1_30' title="bbox 1179 1783 1623 1822">
    <p class='ocr_par' dir='ltr' id='par_1_30' title="bbox 1179 1783 1623 1822">
     <span class='ocr_line' id='line_1_42' title="bbox 1179 1783 1623 1822; baseline -0.005 -8"><span class='ocrx_word' id='word_1_255' title='bbox 1179 1784 1281 1814; x_wconf 83' lang='lat' dir='ltr'>Huius</span> <span class='ocrx_word' id='word_1_256' title='bbox 1297 1784 1390 1822; x_wconf 89' lang='lat' dir='ltr'>igitur</span> <span class='ocrx_word' id='word_1_257' title='bbox 1406 1783 1481 1813; x_wconf 85' lang='lat' dir='ltr'>artis</span> <span class='ocrx_word' id='word_1_258' title='bbox 1497 1783 1623 1813; x_wconf 90' lang='lat' dir='ltr'>inuesti-</span> 
     </span>
    </p>
   </div>
   <div class='ocr_carea' id='block_1_31' title="bbox 213 1833 1622 1872">
    <p class='ocr_par' dir='ltr' id='par_1_31' title="bbox 213 1833 1622 1872">
     <span class='ocr_line' id='line_1_43' title="bbox 213 1833 1622 1872; baseline -0.001 -9"><span class='ocrx_word' id='word_1_259' title='bbox 213 1834 298 1872; x_wconf 86' lang='lat' dir='ltr'>gatio</span> <span class='ocrx_word' id='word_1_260' title='bbox 311 1834 381 1864; x_wconf 90' lang='lat' dir='ltr'>talis</span> <span class='ocrx_word' id='word_1_261' title='bbox 393 1839 439 1863; x_wconf 89' lang='lat' dir='ltr'>est</span> <span class='ocrx_word' id='word_1_262' title='bbox 451 1844 457 1862; x_wconf 76' lang='lat' dir='ltr'>t</span> <span class='ocrx_word' id='word_1_263' title='bbox 480 1834 539 1870; x_wconf 89' lang='lat' dir='ltr'>dic,</span> <span class='ocrx_word' id='word_1_264' title='bbox 554 1844 634 1872; x_wconf 91' lang='lat' dir='ltr'>quae</span> <span class='ocrx_word' id='word_1_265' title='bbox 646 1839 692 1863; x_wconf 88' lang='lat' dir='ltr'>est</span> <span class='ocrx_word' id='word_1_266' title='bbox 705 1835 891 1871; x_wconf 84' lang='lat' dir='ltr'>substantia,</span> <span class='ocrx_word' id='word_1_267' title='bbox 900 1835 948 1864; x_wconf 88' lang='lat' dir='ltr'>cui</span> <span class='ocrx_word' id='word_1_268' title='bbox 961 1835 985 1863; x_wconf 92' lang='lat' dir='ltr'>si</span> <span class='ocrx_word' id='word_1_269' title='bbox 998 1834 1231 1864; x_wconf 88' lang='lat' dir='ltr'>similitudinem</span> <span class='ocrx_word' id='word_1_270' title='bbox 1239 1834 1344 1864; x_wconf 88' lang='lat' dir='ltr'>decem</span> <span class='ocrx_word' id='word_1_271' title='bbox 1352 1844 1477 1863; x_wconf 89' lang='lat' dir='ltr'>suarum</span> <span class='ocrx_word' id='word_1_272' title='bbox 1485 1833 1622 1863; x_wconf 85' lang='lat' dir='ltr'>radicum</span> 
     </span>
    </p>
   </div>
   <div class='ocr_carea' id='block_1_32' title="bbox 177 1884 1059 1922">
    <p class='ocr_par' dir='ltr' id='par_1_32' title="bbox 177 1884 1059 1922">
     <span class='ocr_line' id='line_1_44' title="bbox 177 1884 1059 1922; baseline 0 -9"><span class='ocrx_word' id='word_1_273' title='bbox 177 1897 204 1917; x_wconf 86' lang='lat'>30</span> <span class='ocrx_word' id='word_1_274' title='bbox 214 1884 399 1921; x_wconf 77' lang='lat' dir='ltr'>adiunxeris,</span> <span class='ocrx_word' id='word_1_275' title='bbox 413 1885 453 1914; x_wconf 88' lang='lat' dir='ltr'>ad</span> <span class='ocrx_word' id='word_1_276' title='bbox 464 1895 500 1922; x_wconf 80' lang='lat'>39</span> <span class='ocrx_word' id='word_1_277' title='bbox 514 1889 581 1914; x_wconf 86' lang='lat' dir='ltr'>tota</span> <span class='ocrx_word' id='word_1_278' title='bbox 598 1884 673 1914; x_wconf 90' lang='lat' dir='ltr'>haec</span> <span class='ocrx_word' id='word_1_279' title='bbox 690 1885 828 1914; x_wconf 90' lang='lat' dir='ltr'>collectio</span> <span class='ocrx_word' id='word_1_280' title='bbox 844 1885 1059 1922; x_wconf 87' lang='lat' dir='ltr'>protendatur.</span> 
     </span>
    </p>
   </div>
   <div class='ocr_carea' id='block_1_33' title="bbox 1103 1883 1622 1914">
    <p class='ocr_par' dir='ltr' id='par_1_33' title="bbox 1103 1883 1622 1914">
     <span class='ocr_line' id='line_1_45' title="bbox 1103 1883 1622 1914; baseline -0.002 -1"><span class='ocrx_word' id='word_1_281' title='bbox 1103 1885 1219 1914; x_wconf 88' lang='lat' dir='ltr'>Modus</span> <span class='ocrx_word' id='word_1_282' title='bbox 1235 1884 1315 1914; x_wconf 91' lang='lat' dir='ltr'>hanc</span> <span class='ocrx_word' id='word_1_283' title='bbox 1332 1889 1431 1913; x_wconf 88' lang='lat' dir='ltr'>artem</span> <span class='ocrx_word' id='word_1_284' title='bbox 1447 1883 1622 1912; x_wconf 90' lang='lat' dir='ltr'>inueniendi</span> 
     </span>
    </p>
   </div>
   <div class='ocr_carea' id='block_1_34' title="bbox 214 1933 1622 2022">
    <p class='ocr_par' dir='ltr' id='par_1_34' title="bbox 214 1933 1622 2022">
     <span class='ocr_line' id='line_1_46' title="bbox 214 1933 1622 1972; baseline -0.001 -9"><span class='ocrx_word' id='word_1_285' title='bbox 214 1939 270 1970; x_wconf 87' lang='lat' dir='ltr'>est,</span> <span class='ocrx_word' id='word_1_286' title='bbox 291 1939 327 1963; x_wconf 89' lang='lat' dir='ltr'>vt</span> <span class='ocrx_word' id='word_1_287' title='bbox 348 1934 465 1963; x_wconf 90' lang='lat' dir='ltr'>radices</span> <span class='ocrx_word' id='word_1_288' title='bbox 485 1934 547 1963; x_wconf 90' lang='lat' dir='ltr'>iam</span> <span class='ocrx_word' id='word_1_289' title='bbox 566 1934 788 1972; x_wconf 88' lang='lat' dir='ltr'>pronunciatas</span> <span class='ocrx_word' id='word_1_290' title='bbox 807 1944 861 1972; x_wconf 91' lang='lat' dir='ltr'>per</span> <span class='ocrx_word' id='word_1_291' title='bbox 882 1934 1017 1963; x_wconf 91' lang='lat' dir='ltr'>medium</span> <span class='ocrx_word' id='word_1_292' title='bbox 1038 1934 1170 1970; x_wconf 81' lang='lat' dir='ltr'>diuidas,</span> <span class='ocrx_word' id='word_1_293' title='bbox 1191 1934 1243 1963; x_wconf 91' lang='lat' dir='ltr'>sed</span> <span class='ocrx_word' id='word_1_294' title='bbox 1264 1933 1381 1963; x_wconf 88' lang='lat' dir='ltr'>radices</span> <span class='ocrx_word' id='word_1_295' title='bbox 1401 1933 1432 1962; x_wconf 88' lang='lat' dir='ltr'>in</span> <span class='ocrx_word' id='word_1_296' title='bbox 1452 1933 1511 1962; x_wconf 88' lang='lat' dir='ltr'>hac</span> <span class='ocrx_word' id='word_1_297' title='bbox 1530 1933 1622 1962; x_wconf 88' lang='lat' dir='ltr'>inter-</span> 
     </span>
     <span class='ocr_line' id='line_1_47' title="bbox 214 1983 1622 2022; baseline -0.001 -9"><span class='ocrx_word' id='word_1_298' title='bbox 214 1983 373 2022; x_wconf 86' lang='lat' dir='ltr'>rogatione</span> <span class='ocrx_word' id='word_1_299' title='bbox 387 1989 459 2013; x_wconf 89' lang='lat' dir='ltr'>sunt</span> <span class='ocrx_word' id='word_1_300' title='bbox 477 1994 522 2021; x_wconf 79' lang='lat'>10,</span> <span class='ocrx_word' id='word_1_301' title='bbox 537 1984 641 2022; x_wconf 86' lang='lat' dir='ltr'>accipe</span> <span class='ocrx_word' id='word_1_302' title='bbox 655 1984 748 2022; x_wconf 88' lang='lat' dir='ltr'>igitur</span> <span class='ocrx_word' id='word_1_303' title='bbox 764 1993 790 2022; x_wconf 87' lang='lat'>5,</span> <span class='ocrx_word' id='word_1_304' title='bbox 803 1989 833 2013; x_wconf 89' lang='lat' dir='ltr'>et</span> <span class='ocrx_word' id='word_1_305' title='bbox 846 1984 882 2013; x_wconf 92' lang='lat' dir='ltr'>iis</span> <span class='ocrx_word' id='word_1_306' title='bbox 894 1994 964 2013; x_wconf 91' lang='lat' dir='ltr'>cum</span> <span class='ocrx_word' id='word_1_307' title='bbox 979 1994 1010 2013; x_wconf 92' lang='lat' dir='ltr'>se</span> <span class='ocrx_word' id='word_1_308' title='bbox 1024 1984 1097 2022; x_wconf 89' lang='lat' dir='ltr'>ipsis</span> <span class='ocrx_word' id='word_1_309' title='bbox 1111 1983 1326 2022; x_wconf 88' lang='lat' dir='ltr'>multiplicatis</span> <span class='ocrx_word' id='word_1_310' title='bbox 1339 1983 1554 2021; x_wconf 91' lang='lat' dir='ltr'>producuntur</span> <span class='ocrx_word' id='word_1_311' title='bbox 1570 1991 1622 2021; x_wconf 72' lang='lat'>253</span> 
     </span>
    </p>
   </div>
   <div class='ocr_carea' id='block_1_35' title="bbox 215 2072 894 2510">
    <p class='ocr_par' dir='ltr' id='par_1_35' title="bbox 255 2072 839 2100">
     <span class='ocr_line' id='line_1_48' title="bbox 255 2072 839 2100; baseline 0 -6"><span class='ocrx_word' id='word_1_312' title='bbox 255 2080 273 2094; x_wconf 93' lang='lat'>1.</span> <span class='ocrx_word' id='word_1_313' title='bbox 292 2072 315 2094; x_wconf 89' lang='lat' dir='ltr'>id</span> <span class='ocrx_word' id='word_1_314' title='bbox 326 2076 361 2094; x_wconf 90' lang='lat' dir='ltr'>est</span> <span class='ocrx_word' id='word_1_315' title='bbox 373 2076 413 2099; x_wconf 81' lang='lat' dir='ltr'>pra</span> <span class='ocrx_word' id='word_1_316' title='bbox 425 2073 476 2094; x_wconf 88' lang='lat' dir='ltr'>Hoc</span> <span class='ocrx_word' id='word_1_317' title='bbox 488 2076 523 2094; x_wconf 88' lang='lat' dir='ltr'>est</span> <span class='ocrx_word' id='word_1_318' title='bbox 535 2072 555 2095; x_wconf 97' lang='lat' dir='ltr'>V</span> <span class='ocrx_word' id='word_1_319' title='bbox 566 2073 661 2100; x_wconf 79' lang='lat' dir='ltr'>passim.</span> <span class='ocrx_word' id='word_1_320' title='bbox 723 2072 742 2094; x_wconf 92' lang='lat' dir='ltr'>si</span> <span class='ocrx_word' id='word_1_321' title='bbox 753 2080 796 2095; x_wconf 89' lang='lat' dir='ltr'>om.</span> <span class='ocrx_word' id='word_1_322' title='bbox 808 2073 839 2095; x_wconf 90' lang='lat' dir='ltr'>D.</span> 
     </span>
    </p>

    <p class='ocr_par' dir='ltr' id='par_1_36' title="bbox 215 2109 891 2174">
     <span class='ocr_line' id='line_1_49' title="bbox 255 2109 891 2137; baseline 0.003 -6"><span class='ocrx_word' id='word_1_323' title='bbox 255 2117 273 2131; x_wconf 75' lang='lat'>2.</span> <span class='ocrx_word' id='word_1_324' title='bbox 292 2117 331 2132; x_wconf 89' lang='lat' dir='ltr'>seu</span> <span class='ocrx_word' id='word_1_325' title='bbox 349 2113 452 2136; x_wconf 87' lang='lat' dir='ltr'>quatuor</span> <span class='ocrx_word' id='word_1_326' title='bbox 470 2117 518 2132; x_wconf 86' lang='lat' dir='ltr'>seu.</span> <span class='ocrx_word' id='word_1_327' title='bbox 610 2109 728 2132; x_wconf 82' lang='lat' dir='ltr'>radicibus</span> <span class='ocrx_word' id='word_1_328' title='bbox 739 2112 760 2134; x_wconf 63' lang='lat' dir='ltr'>-l-</span> <span class='ocrx_word' id='word_1_329' title='bbox 771 2113 891 2137; x_wconf 77' lang='lat' dir='ltr'>queratur.</span> 
     </span>
     <span class='ocr_line' id='line_1_50' title="bbox 215 2147 352 2174; baseline -0.007 -5"><span class='ocrx_word' id='word_1_330' title='bbox 215 2147 312 2174; x_wconf 84' lang='lat' dir='ltr'>equacio</span> <span class='ocrx_word' id='word_1_331' title='bbox 323 2147 352 2168; x_wconf 57' lang='lat' dir='ltr'>V.</span> 
     </span>
    </p>

    <p class='ocr_par' dir='ltr' id='par_1_37' title="bbox 251 2184 891 2211">
     <span class='ocr_line' id='line_1_51' title="bbox 251 2184 891 2211; baseline 0.002 -6"><span class='ocrx_word' id='word_1_332' title='bbox 251 2192 272 2211; x_wconf 80' lang='lat'>4.</span> <span class='ocrx_word' id='word_1_333' title='bbox 290 2184 393 2206; x_wconf 81' lang='lat' dir='ltr'>ve110m.</span> <span class='ocrx_word' id='word_1_334' title='bbox 408 2185 439 2206; x_wconf 94' lang='lat' dir='ltr'>D.</span> <span class='ocrx_word' id='word_1_335' title='bbox 455 2184 498 2207; x_wconf 91' lang='lat' dir='ltr'>hoc</span> <span class='ocrx_word' id='word_1_336' title='bbox 506 2184 576 2207; x_wconf 88' lang='lat' dir='ltr'>modo</span> <span class='ocrx_word' id='word_1_337' title='bbox 584 2188 706 2207; x_wconf 82' lang='lat' dir='ltr'>tractetur.</span> <span class='ocrx_word' id='word_1_338' title='bbox 725 2185 789 2207; x_wconf 87' lang='lat' dir='ltr'>Sicut</span> <span class='ocrx_word' id='word_1_339' title='bbox 797 2184 891 2207; x_wconf 75' lang='lat' dir='ltr'>diceres.</span> 
     </span>
    </p>

    <p class='ocr_par' dir='ltr' id='par_1_38' title="bbox 255 2222 438 2248">
     <span class='ocr_line' id='line_1_52' title="bbox 255 2222 438 2248; baseline 0 -5"><span class='ocrx_word' id='word_1_340' title='bbox 255 2228 275 2248; x_wconf 82' lang='lat'>7.</span> <span class='ocrx_word' id='word_1_341' title='bbox 293 2222 384 2243; x_wconf 85' lang='lat' dir='ltr'>numeri</span> <span class='ocrx_word' id='word_1_342' title='bbox 396 2229 438 2243; x_wconf 89' lang='lat' dir='ltr'>om.</span> 
     </span>
    </p>

    <p class='ocr_par' dir='ltr' id='par_1_39' title="bbox 253 2258 787 2285">
     <span class='ocr_line' id='line_1_53' title="bbox 253 2258 787 2285; baseline 0 -5"><span class='ocrx_word' id='word_1_343' title='bbox 253 2266 275 2285; x_wconf 74' lang='lat'>9.</span> <span class='ocrx_word' id='word_1_344' title='bbox 293 2258 446 2281; x_wconf 84' lang='lat' dir='ltr'>substantias.</span> <span class='ocrx_word' id='word_1_345' title='bbox 510 2259 649 2282; x_wconf 88' lang='lat' dir='ltr'>coniunctae</span> <span class='ocrx_word' id='word_1_346' title='bbox 658 2262 680 2284; x_wconf 58' lang='grc' dir='ltr'>-ψ-</span> <span class='ocrx_word' id='word_1_347' title='bbox 692 2259 787 2281; x_wconf 71' lang='lat' dir='ltr'>tuerint.</span> 
     </span>
    </p>

    <p class='ocr_par' dir='ltr' id='par_1_40' title="bbox 215 2296 894 2360">
     <span class='ocr_line' id='line_1_54' title="bbox 256 2296 894 2323; baseline 0.002 -6"><span class='ocrx_word' id='word_1_348' title='bbox 256 2303 289 2319; x_wconf 90' lang='lat'>10.</span> <span class='ocrx_word' id='word_1_349' title='bbox 307 2300 438 2319; x_wconf 84' lang='lat' dir='ltr'>conuertas.</span> <span class='ocrx_word' id='word_1_350' title='bbox 509 2297 572 2323; x_wconf 89' lang='lat' dir='ltr'>quod</span> <span class='ocrx_word' id='word_1_351' title='bbox 584 2301 605 2319; x_wconf 87' lang='lat' dir='ltr'>et</span> <span class='ocrx_word' id='word_1_352' title='bbox 621 2297 649 2318; x_wconf 90' lang='lat' dir='ltr'>de</span> <span class='ocrx_word' id='word_1_353' title='bbox 661 2304 687 2319; x_wconf 81' lang='lat' dir='ltr'>eo</span> <span class='ocrx_word' id='word_1_354' title='bbox 699 2297 762 2323; x_wconf 86' lang='lat' dir='ltr'>quod</span> <span class='ocrx_word' id='word_1_355' title='bbox 774 2304 826 2318; x_wconf 87' lang='lat' dir='ltr'>cum</span> <span class='ocrx_word' id='word_1_356' title='bbox 838 2296 894 2323; x_wconf 85' lang='lat' dir='ltr'>ipsis</span> 
     </span>
     <span class='ocr_line' id='line_1_55' title="bbox 215 2333 809 2360; baseline 0.002 -5"><span class='ocrx_word' id='word_1_357' title='bbox 215 2340 243 2355; x_wconf 82' lang='lat' dir='ltr'>ex</span> <span class='ocrx_word' id='word_1_358' title='bbox 253 2334 356 2355; x_wconf 86' lang='lat' dir='ltr'>numeris</span> <span class='ocrx_word' id='word_1_359' title='bbox 365 2333 435 2355; x_wconf 78' lang='lat' dir='ltr'>suerit</span> <span class='ocrx_word' id='word_1_360' title='bbox 447 2338 487 2360; x_wconf 80' lang='lat' dir='ltr'>pro</span> <span class='ocrx_word' id='word_1_361' title='bbox 500 2334 552 2356; x_wconf 88' lang='lat' dir='ltr'>Hoc</span> <span class='ocrx_word' id='word_1_362' title='bbox 564 2334 626 2356; x_wconf 87' lang='lat' dir='ltr'>idem</span> <span class='ocrx_word' id='word_1_363' title='bbox 646 2352 650 2355; x_wconf 91' lang='lat'>.</span> <span class='ocrx_word' id='word_1_364' title='bbox 669 2352 673 2356; x_wconf 90' lang='lat'>.</span> <span class='ocrx_word' id='word_1_365' title='bbox 693 2352 696 2356; x_wconf 92' lang='lat'>.</span> <span class='ocrx_word' id='word_1_366' title='bbox 716 2334 809 2357; x_wconf 75' lang='lat' dir='ltr'>fuerint.</span> 
     </span>
    </p>

    <p class='ocr_par' dir='ltr' id='par_1_41' title="bbox 256 2371 851 2394">
     <span class='ocr_line' id='line_1_56' title="bbox 256 2371 851 2394; baseline 0.002 -2"><span class='ocrx_word' id='word_1_367' title='bbox 256 2378 290 2393; x_wconf 87' lang='lat'>11.</span> <span class='ocrx_word' id='word_1_368' title='bbox 308 2374 342 2392; x_wconf 82' lang='lat' dir='ltr'>est</span> <span class='ocrx_word' id='word_1_369' title='bbox 355 2378 398 2392; x_wconf 65' lang='lat' dir='ltr'>am.</span> <span class='ocrx_word' id='word_1_370' title='bbox 430 2371 461 2394; x_wconf 78' lang='lat' dir='ltr'>D.</span> <span class='ocrx_word' id='word_1_371' title='bbox 642 2378 675 2393; x_wconf 75' lang='grc' dir='ltr'>η,</span> <span class='ocrx_word' id='word_1_372' title='bbox 695 2371 796 2393; x_wconf 80' lang='lat' dir='ltr'>Titulum</span> <span class='ocrx_word' id='word_1_373' title='bbox 809 2378 851 2393; x_wconf 81' lang='lat' dir='ltr'>om.</span> 
     </span>
    </p>

    <p class='ocr_par' dir='ltr' id='par_1_42' title="bbox 258 2407 727 2434">
     <span class='ocr_line' id='line_1_57' title="bbox 258 2407 727 2434; baseline 0.002 -5"><span class='ocrx_word' id='word_1_374' title='bbox 258 2415 291 2434; x_wconf 80' lang='lat'>13.</span> <span class='ocrx_word' id='word_1_375' title='bbox 310 2407 354 2429; x_wconf 86' lang='lat' dir='ltr'>Sed</span> <span class='ocrx_word' id='word_1_376' title='bbox 366 2412 388 2429; x_wconf 85' lang='lat' dir='ltr'>et</span> <span class='ocrx_word' id='word_1_377' title='bbox 401 2408 497 2430; x_wconf 81' lang='lat' dir='ltr'>radices.</span> <span class='ocrx_word' id='word_1_378' title='bbox 561 2409 621 2431; x_wconf 88' lang='lat' dir='ltr'>sicut</span> <span class='ocrx_word' id='word_1_379' title='bbox 633 2409 727 2431; x_wconf 74' lang='lat' dir='ltr'>diceres.</span> 
     </span>
    </p>

    <p class='ocr_par' dir='ltr' id='par_1_43' title="bbox 258 2448 614 2472">
     <span class='ocr_line' id='line_1_58' title="bbox 258 2448 614 2472; baseline 0.003 -6"><span class='ocrx_word' id='word_1_380' title='bbox 258 2452 292 2471; x_wconf 72' lang='lat'>14-</span> <span class='ocrx_word' id='word_1_381' title='bbox 311 2448 440 2471; x_wconf 83' lang='lat' dir='ltr'>coequatur</span> <span class='ocrx_word' id='word_1_382' title='bbox 453 2449 493 2472; x_wconf 82' lang='lat' dir='ltr'>pro</span> <span class='ocrx_word' id='word_1_383' title='bbox 507 2449 614 2472; x_wconf 85' lang='lat' dir='ltr'>equatur.</span> 
     </span>
    </p>

    <p class='ocr_par' dir='ltr' id='par_1_44' title="bbox 259 2482 704 2510">
     <span class='ocr_line' id='line_1_59' title="bbox 259 2482 704 2510; baseline 0.004 -7"><span class='ocrx_word' id='word_1_384' title='bbox 259 2482 292 2505; x_wconf 88' lang='lat'>16.</span> <span class='ocrx_word' id='word_1_385' title='bbox 310 2486 427 2508; x_wconf 83' lang='lat' dir='ltr'>equantur</span> <span class='ocrx_word' id='word_1_386' title='bbox 461 2486 501 2509; x_wconf 82' lang='lat' dir='ltr'>pro</span> <span class='ocrx_word' id='word_1_387' title='bbox 536 2486 704 2510; x_wconf 84' lang='lat' dir='ltr'>coaequantur.</span> 
     </span>
    </p>
   </div>
   <div class='ocr_carea' id='block_1_36' title="bbox 219 2519 895 2662">
    <p class='ocr_par' dir='ltr' id='par_1_45' title="bbox 219 2519 895 2662">
     <span class='ocr_line' id='line_1_60' title="bbox 219 2519 473 2588; baseline -0.004 -2"><span class='ocrx_word' id='word_1_388' title='bbox 219 2519 426 2588; x_wconf 53' lang='grc' dir='ltr'>ῖςῆθῖίᾶἒφ</span> <span class='ocrx_word' id='word_1_389' title='bbox 442 2541 473 2563; x_wconf 77' lang='lat' dir='ltr'>D·</span> 
     </span>
     <span class='ocr_line' id='line_1_61' title="bbox 260 2599 895 2627; baseline 0.003 -7"><span class='ocrx_word' id='word_1_390' title='bbox 260 2599 293 2620; x_wconf 89' lang='lat'>18.</span> <span class='ocrx_word' id='word_1_391' title='bbox 311 2602 412 2626; x_wconf 84' lang='lat' dir='ltr'>equatur</span> <span class='ocrx_word' id='word_1_392' title='bbox 440 2603 480 2626; x_wconf 76' lang='lat' dir='ltr'>pro</span> <span class='ocrx_word' id='word_1_393' title='bbox 509 2603 660 2627; x_wconf 84' lang='lat' dir='ltr'>coaequatur.</span> <span class='ocrx_word' id='word_1_394' title='bbox 699 2603 827 2627; x_wconf 85' lang='lat' dir='ltr'>coequatur</span> <span class='ocrx_word' id='word_1_395' title='bbox 855 2603 895 2627; x_wconf 72' lang='lat' dir='ltr'>pro</span> 
     </span>
     <span class='ocr_line' id='line_1_62' title="bbox 219 2639 342 2662; baseline 0.008 -5"><span class='ocrx_word' id='word_1_396' title='bbox 219 2639 342 2662; x_wconf 83' lang='lat' dir='ltr'>aequatur.</span> 
     </span>
    </p>
   </div>
   <div class='ocr_carea' id='block_1_37' title="bbox 758 2484 893 2511">
    <p class='ocr_par' dir='ltr' id='par_1_46' title="bbox 758 2484 893 2511">
     <span class='ocr_line' id='line_1_63' title="bbox 758 2484 893 2511; baseline 0.007 -6"><span class='ocrx_word' id='word_1_397' title='bbox 758 2484 790 2506; x_wconf 85' lang='lat' dir='ltr'>In</span> <span class='ocrx_word' id='word_1_398' title='bbox 824 2490 893 2511; x_wconf 81' lang='lat' dir='ltr'>marg.</span> 
     </span>
    </p>
   </div>
   <div class='ocr_carea' id='block_1_38' title="bbox 945 2072 1622 2660">
    <p class='ocr_par' dir='ltr' id='par_1_47' title="bbox 984 2072 1086 2094">
     <span class='ocr_line' id='line_1_64' title="bbox 984 2072 1086 2094; baseline 0 0"><span class='ocrx_word' id='word_1_399' title='bbox 984 2079 1019 2094; x_wconf 89' lang='lat'>20.</span> <span class='ocrx_word' id='word_1_400' title='bbox 1037 2072 1086 2094; x_wconf 89' lang='lat' dir='ltr'>soli.</span> 
     </span>
    </p>

    <p class='ocr_par' dir='ltr' id='par_1_48' title="bbox 984 2109 1165 2131">
     <span class='ocr_line' id='line_1_65' title="bbox 984 2109 1165 2131; baseline 0 0"><span class='ocrx_word' id='word_1_401' title='bbox 984 2117 1018 2131; x_wconf 65' lang='lat'>21⁴</span> <span class='ocrx_word' id='word_1_402' title='bbox 1036 2109 1112 2131; x_wconf 87' lang='lat' dir='ltr'>modis</span> <span class='ocrx_word' id='word_1_403' title='bbox 1122 2117 1165 2131; x_wconf 88' lang='lat' dir='ltr'>om.</span> 
     </span>
    </p>

    <p class='ocr_par' dir='ltr' id='par_1_49' title="bbox 985 2147 1182 2173">
     <span class='ocr_line' id='line_1_66' title="bbox 985 2147 1182 2173; baseline 0 -5"><span class='ocrx_word' id='word_1_404' title='bbox 985 2154 1019 2173; x_wconf 80' lang='lat'>²3-</span> <span class='ocrx_word' id='word_1_405' title='bbox 1038 2147 1182 2169; x_wconf 87' lang='lat' dir='ltr'>Substantie.</span> 
     </span>
    </p>

    <p class='ocr_par' dir='ltr' id='par_1_50' title="bbox 945 2183 1230 2243">
     <span class='ocr_line' id='line_1_67' title="bbox 985 2183 1230 2210; baseline 0 -4"><span class='ocrx_word' id='word_1_406' title='bbox 985 2191 1019 2210; x_wconf 81' lang='lat'>24.</span> <span class='ocrx_word' id='word_1_407' title='bbox 1038 2185 1068 2206; x_wconf 87' lang='lat' dir='ltr'>Et</span> <span class='ocrx_word' id='word_1_408' title='bbox 1091 2183 1230 2206; x_wconf 80' lang='lat' dir='ltr'>substantie.</span> 
     </span>
     <span class='ocr_line' id='line_1_68' title="bbox 945 2222 1085 2243; baseline 0 0"><span class='ocrx_word' id='word_1_409' title='bbox 945 2223 977 2243; x_wconf 83' lang='lat' dir='ltr'>et²</span> <span class='ocrx_word' id='word_1_410' title='bbox 994 2229 1037 2243; x_wconf 65' lang='lat' dir='ltr'>om.</span> <span class='ocrx_word' id='word_1_411' title='bbox 1055 2222 1085 2243; x_wconf 92' lang='lat' dir='ltr'>D.</span> 
     </span>
    </p>

    <p class='ocr_par' dir='ltr' id='par_1_51' title="bbox 986 2258 1190 2285">
     <span class='ocr_line' id='line_1_69' title="bbox 986 2258 1190 2285; baseline 0 -5"><span class='ocrx_word' id='word_1_412' title='bbox 986 2266 1020 2285; x_wconf 83' lang='lat'>25-</span> <span class='ocrx_word' id='word_1_413' title='bbox 1038 2258 1190 2280; x_wconf 84' lang='lat' dir='ltr'>substantias.</span> 
     </span>
    </p>

    <p class='ocr_par' dir='ltr' id='par_1_52' title="bbox 945 2294 1622 2360">
     <span class='ocr_line' id='line_1_70' title="bbox 983 2294 1622 2322; baseline -0.002 -4"><span class='ocrx_word' id='word_1_414' title='bbox 983 2298 1018 2317; x_wconf 81' lang='lat'>26.</span> <span class='ocrx_word' id='word_1_415' title='bbox 1036 2296 1137 2318; x_wconf 76' lang='lat' dir='ltr'>Titulum</span> <span class='ocrx_word' id='word_1_416' title='bbox 1158 2304 1200 2318; x_wconf 81' lang='lat' dir='ltr'>om.</span> <span class='ocrx_word' id='word_1_417' title='bbox 1223 2296 1256 2322; x_wconf 85' lang='lat' dir='ltr'>V;</span> <span class='ocrx_word' id='word_1_418' title='bbox 1289 2295 1439 2318; x_wconf 81' lang='lat' dir='ltr'>Substantias</span> <span class='ocrx_word' id='word_1_419' title='bbox 1459 2299 1483 2318; x_wconf 90' lang='lat' dir='ltr'>et</span> <span class='ocrx_word' id='word_1_420' title='bbox 1504 2294 1622 2317; x_wconf 86' lang='lat' dir='ltr'>radicibus</span> 
     </span>
     <span class='ocr_line' id='line_1_71' title="bbox 945 2333 1289 2360; baseline 0 -5"><span class='ocrx_word' id='word_1_421' title='bbox 945 2333 1034 2355; x_wconf 87' lang='lat' dir='ltr'>numeri</span> <span class='ocrx_word' id='word_1_422' title='bbox 1048 2333 1225 2360; x_wconf 82' lang='lat' dir='ltr'>coequantibus.</span> <span class='ocrx_word' id='word_1_423' title='bbox 1259 2333 1289 2355; x_wconf 94' lang='lat' dir='ltr'>D.</span> 
     </span>
    </p>

    <p class='ocr_par' dir='ltr' id='par_1_53' title="bbox 984 2370 1449 2398">
     <span class='ocr_line' id='line_1_72' title="bbox 984 2370 1449 2398; baseline 0 -6"><span class='ocrx_word' id='word_1_424' title='bbox 984 2377 1018 2397; x_wconf 65' lang='lat'>27⁴</span> <span class='ocrx_word' id='word_1_425' title='bbox 1036 2378 1158 2393; x_wconf 87' lang='lat' dir='ltr'>numerum</span> <span class='ocrx_word' id='word_1_426' title='bbox 1171 2374 1319 2398; x_wconf 86' lang='lat' dir='ltr'>coequantes.</span> <span class='ocrx_word' id='word_1_427' title='bbox 1382 2370 1449 2393; x_wconf 87' lang='lat' dir='ltr'>sicut.</span> 
     </span>
    </p>

    <p class='ocr_par' dir='ltr' id='par_1_54' title="bbox 946 2407 1429 2473">
     <span class='ocr_line' id='line_1_73' title="bbox 983 2407 1429 2435; baseline 0 -5"><span class='ocrx_word' id='word_1_428' title='bbox 983 2408 1018 2430; x_wconf 76' lang='lat'>28.</span> <span class='ocrx_word' id='word_1_429' title='bbox 1035 2408 1198 2435; x_wconf 85' lang='lat' dir='ltr'>dragmatibus</span> <span class='ocrx_word' id='word_1_430' title='bbox 1231 2412 1272 2435; x_wconf 80' lang='lat' dir='ltr'>pra</span> <span class='ocrx_word' id='word_1_431' title='bbox 1298 2407 1429 2435; x_wconf 84' lang='lat' dir='ltr'>drachmis;</span> 
     </span>
     <span class='ocr_line' id='line_1_74' title="bbox 946 2445 1157 2473; baseline 0 -6"><span class='ocrx_word' id='word_1_432' title='bbox 946 2445 1057 2468; x_wconf 86' lang='lat' dir='ltr'>drachma</span> <span class='ocrx_word' id='word_1_433' title='bbox 1070 2446 1157 2473; x_wconf 76' lang='lat' dir='ltr'>ubique.</span> 
     </span>
    </p>

    <p class='ocr_par' dir='ltr' id='par_1_55' title="bbox 983 2483 1191 2509">
     <span class='ocr_line' id='line_1_75' title="bbox 983 2483 1191 2509; baseline 0.005 -5"><span class='ocrx_word' id='word_1_434' title='bbox 983 2490 1018 2509; x_wconf 85' lang='lat'>29.</span> <span class='ocrx_word' id='word_1_435' title='bbox 1036 2483 1081 2505; x_wconf 93' lang='lat' dir='ltr'>Dic</span> <span class='ocrx_word' id='word_1_436' title='bbox 1094 2484 1119 2508; x_wconf 86' lang='grc' dir='ltr'>-Ι-</span> <span class='ocrx_word' id='word_1_437' title='bbox 1130 2491 1191 2509; x_wconf 83' lang='lat' dir='ltr'>ergo.</span> 
     </span>
    </p>

    <p class='ocr_par' dir='ltr' id='par_1_56' title="bbox 983 2521 1179 2547">
     <span class='ocr_line' id='line_1_76' title="bbox 983 2521 1179 2547; baseline 0.01 -5"><span class='ocrx_word' id='word_1_438' title='bbox 983 2527 1019 2547; x_wconf 83' lang='lat'>30.</span> <span class='ocrx_word' id='word_1_439' title='bbox 1036 2527 1136 2543; x_wconf 74' lang='lat' dir='ltr'>xxxvm</span> <span class='ocrx_word' id='word_1_440' title='bbox 1148 2521 1179 2544; x_wconf 94' lang='lat' dir='ltr'>D.</span> 
     </span>
    </p>

    <p class='ocr_par' dir='ltr' id='par_1_57' title="bbox 945 2556 1622 2660">
     <span class='ocr_line' id='line_1_77' title="bbox 984 2556 1619 2584; baseline -0.003 -4"><span class='ocrx_word' id='word_1_441' title='bbox 984 2565 1020 2584; x_wconf 81' lang='lat'>3²-</span> <span class='ocrx_word' id='word_1_442' title='bbox 1038 2565 1076 2580; x_wconf 84' lang='lat' dir='ltr'>eas</span> <span class='ocrx_word' id='word_1_443' title='bbox 1094 2558 1121 2583; x_wconf 85' lang='lat' dir='ltr'>V.</span> <span class='ocrx_word' id='word_1_444' title='bbox 1140 2565 1166 2580; x_wconf 81' lang='lat' dir='ltr'>ea</span> <span class='ocrx_word' id='word_1_445' title='bbox 1188 2558 1211 2580; x_wconf 93' lang='lat' dir='ltr'>D</span> <span class='ocrx_word' id='word_1_446' title='bbox 1233 2561 1273 2584; x_wconf 81' lang='lat' dir='ltr'>pro</span> <span class='ocrx_word' id='word_1_447' title='bbox 1292 2557 1327 2579; x_wconf 72' lang='lat' dir='ltr'>iis.</span> <span class='ocrx_word' id='word_1_448' title='bbox 1389 2557 1440 2584; x_wconf 81' lang='lat' dir='ltr'>ipsa</span> <span class='ocrx_word' id='word_1_449' title='bbox 1461 2560 1500 2583; x_wconf 77' lang='lat' dir='ltr'>pro</span> <span class='ocrx_word' id='word_1_450' title='bbox 1521 2556 1578 2583; x_wconf 82' lang='lat' dir='ltr'>ipsis</span> <span class='ocrx_word' id='word_1_451' title='bbox 1592 2556 1619 2578; x_wconf 95' lang='lat' dir='ltr'>V.</span> 
     </span>
     <span class='ocr_line' id='line_1_78' title="bbox 946 2594 1622 2622; baseline -0.003 -5"><span class='ocrx_word' id='word_1_452' title='bbox 946 2595 1076 2622; x_wconf 85' lang='lat' dir='ltr'>multiplica</span> <span class='ocrx_word' id='word_1_453' title='bbox 1091 2599 1113 2617; x_wconf 85' lang='lat' dir='ltr'>et</span> <span class='ocrx_word' id='word_1_454' title='bbox 1130 2595 1185 2617; x_wconf 86' lang='lat' dir='ltr'>fient</span> <span class='ocrx_word' id='word_1_455' title='bbox 1201 2602 1235 2622; x_wconf 77' lang='lat'>²5·</span> <span class='ocrx_word' id='word_1_456' title='bbox 1297 2594 1359 2618; x_wconf 77' lang='lat' dir='ltr'>facio</span> <span class='ocrx_word' id='word_1_457' title='bbox 1377 2595 1426 2617; x_wconf 78' lang='lat' dir='ltr'>siue</span> <span class='ocrx_word' id='word_1_458' title='bbox 1443 2601 1495 2616; x_wconf 89' lang='lat' dir='ltr'>sum</span> <span class='ocrx_word' id='word_1_459' title='bbox 1512 2598 1552 2621; x_wconf 77' lang='lat' dir='ltr'>pro</span> <span class='ocrx_word' id='word_1_460' title='bbox 1569 2601 1622 2621; x_wconf 85' lang='lat' dir='ltr'>pro-</span> 
     </span>
     <span class='ocr_line' id='line_1_79' title="bbox 945 2633 1105 2660; baseline 0 -5"><span class='ocrx_word' id='word_1_461' title='bbox 945 2633 1006 2655; x_wconf 87' lang='lat' dir='ltr'>duco</span> <span class='ocrx_word' id='word_1_462' title='bbox 1017 2633 1105 2660; x_wconf 77' lang='lat' dir='ltr'>ubique.</span> 
     </span>
    </p>
   </div>
   <div class='ocr_carea' id='block_1_39' title="bbox 1150 2072 1578 2135">
    <p class='ocr_par' dir='ltr' id='par_1_58' title="bbox 1150 2072 1578 2135">
     <span class='ocr_line' id='line_1_80' title="bbox 1150 2072 1531 2099; baseline -0.003 -5"><span class='ocrx_word' id='word_1_463' title='bbox 1150 2072 1278 2094; x_wconf 85' lang='lat' dir='ltr'>secundum</span> <span class='ocrx_word' id='word_1_464' title='bbox 1290 2072 1353 2099; x_wconf 84' lang='lat' dir='ltr'>quod</span> <span class='ocrx_word' id='word_1_465' title='bbox 1365 2072 1412 2094; x_wconf 87' lang='lat' dir='ltr'>iam</span> <span class='ocrx_word' id='word_1_466' title='bbox 1423 2072 1531 2094; x_wconf 81' lang='lat' dir='ltr'>diximus.</span> 
     </span>
     <span class='ocr_line' id='line_1_81' title="bbox 1397 2109 1578 2135; baseline -0.006 -4"><span class='ocrx_word' id='word_1_467' title='bbox 1397 2116 1431 2131; x_wconf 79' lang='lat'>22.</span> <span class='ocrx_word' id='word_1_468' title='bbox 1449 2109 1480 2131; x_wconf 83' lang='lat' dir='ltr'>Et</span> <span class='ocrx_word' id='word_1_469' title='bbox 1492 2113 1532 2135; x_wconf 79' lang='lat' dir='ltr'>pro</span> <span class='ocrx_word' id='word_1_470' title='bbox 1544 2112 1578 2131; x_wconf 90' lang='lat' dir='ltr'>vt.</span> 
     </span>
    </p>
   </div>
   <div class='ocr_carea' id='block_1_40' title="bbox 1294 2183 1618 2210">
    <p class='ocr_par' dir='ltr' id='par_1_59' title="bbox 1294 2183 1618 2210">
     <span class='ocr_line' id='line_1_82' title="bbox 1294 2183 1618 2210; baseline -0.003 -4"><span class='ocrx_word' id='word_1_471' title='bbox 1294 2183 1383 2206; x_wconf 88' lang='lat' dir='ltr'>radices</span> <span class='ocrx_word' id='word_1_472' title='bbox 1404 2187 1427 2205; x_wconf 88' lang='lat' dir='ltr'>et</span> <span class='ocrx_word' id='word_1_473' title='bbox 1449 2186 1566 2210; x_wconf 85' lang='lat' dir='ltr'>coequant</span> <span class='ocrx_word' id='word_1_474' title='bbox 1587 2183 1618 2205; x_wconf 89' lang='lat' dir='ltr'>D.</span> 
     </span>
    </p>
   </div>
   <div class='ocr_carea' id='block_1_41' title="bbox 1462 2407 1619 2434">
    <p class='ocr_par' dir='ltr' id='par_1_60' title="bbox 1462 2407 1619 2434">
     <span class='ocr_line' id='line_1_83' title="bbox 1462 2407 1619 2434; baseline -0.006 -5"><span class='ocrx_word' id='word_1_475' title='bbox 1462 2407 1560 2434; x_wconf 85' lang='lat' dir='ltr'>dragma</span> <span class='ocrx_word' id='word_1_476' title='bbox 1579 2410 1619 2434; x_wconf 76' lang='lat' dir='ltr'>pra</span> 
     </span>
    </p>
   </div>
  </div>
 </body>
</html>
