1780 2995
235 303 275 335 74
570 296 690 324 LIBER
717 296 927 324 ALGEBRAE
955 297 1008 324 ET
1034 296 1303 325 ALMUCABOLA

211 398 221 413 1
272 387 456 418 Substantia
470 392 501 417 et
518 398 554 417 10
568 388 685 418 radices
701 389 736 426 56
752 387 907 417 drachmis
921 388 1074 426 aequales.

272 437 388 467 Diuide
401 437 494 475 igitur
507 437 624 467 radices
636 447 690 476 per
702 437 849 474 medium,
862 442 893 467 et
904 437 1035 467 veniunt
1049 446 1074 476 5,
1088 437 1201 476 quibus
1214 447 1284 468 cum
1296 437 1403 476 seipsis
1415 437 1646 476 multiplicatis,

232 487 448 526 producuntur
467 497 481 516 2
487 496 520 526 5;
542 488 594 517 illa
612 487 692 517 adde
713 489 758 525 56,
777 492 808 517 et
827 487 1012 525 colliguntur
1031 489 1085 523 81;
1107 487 1198 517 huius
1217 487 1337 517 collecti
1355 487 1489 517 radicem
1507 487 1640 526 quadra-

233 542 299 567 tam
315 537 457 576 accipias,
474 547 569 576 quam
585 537 770 567 nouenarius
785 537 944 575 componit
960 547 1115 574 numerus,
1131 542 1227 576 atque
1242 547 1278 566 ex
1293 547 1329 567 ea
1345 537 1545 567 medietatem
1560 536 1640 567 radi-

209 597 220 617 5
233 597 303 617 cum
320 596 334 626 5
351 587 516 617 subtrahas
531 592 562 617 et
577 587 748 617 manebunt
762 597 791 623 4,
807 587 1001 616 substantiae
1016 587 1111 616 radix.

271 638 341 667 Hoc
366 637 459 667 modo
485 647 556 667 cum
581 637 725 666 omnibus
750 637 933 666 substantiis
959 641 1115 675 quotquot
1138 636 1222 675 ipsae
1245 635 1370 674 fuerint,
1393 646 1465 667 cum
1486 636 1641 667 radicibus

232 687 308 717 item
322 692 354 717 et
368 687 523 717 drachmis
538 687 692 725 agendum
707 691 763 716 est.

271 738 316 767 De
331 737 505 767 substantiis
522 741 547 766 et
564 737 694 766 numeris
710 736 823 766 radices
838 737 1075 774 coaequantibus.
1118 736 1164 766 Ca
1181 735 1260 775 [put]
1275 736 1314 767 V.

272 787 447 826 Propositio
461 787 553 816 huius
568 787 610 816 rei
625 786 696 816 talis
710 791 767 823 est,
782 791 818 816 vt
833 786 927 823 dicas,

196 850 222 866 10
273 837 456 867 Substantia
472 842 503 866 et
522 846 554 865 21
573 836 739 866 drachmae
758 846 793 865 10
809 836 963 866 radicibus
980 840 1201 874 coaequantur.

271 887 321 916 Ad
340 887 398 916 hoc
417 886 668 924 inuestigandum
688 885 758 915 talis
777 886 871 915 datur
889 886 1003 924 regula,
1022 890 1058 915 vt
1078 885 1173 922 dicas,
1216 885 1302 923 Quae
1321 889 1367 915 est
1386 885 1573 922 substantia,
1593 885 1642 915 cui

232 937 256 967 si
278 947 310 966 21
332 937 496 966 drachmas
515 936 699 972 adiunxeris,
720 940 788 965 tota
807 946 928 965 summa
948 935 1038 965 simul
1061 935 1168 965 decem
1189 935 1285 973 ipsius
1308 935 1502 965 substantiae
1524 935 1642 965 radices

232 986 385 1016 exhibeat.
428 986 530 1015 Huius
542 985 732 1024 quaestionis
747 985 860 1015 solutio
876 985 934 1015 hoc
949 985 1042 1015 modo
1058 985 1240 1023 concipitur,
1252 989 1289 1014 vt
1304 985 1422 1014 radices
1436 985 1572 1023 primum
1587 995 1643 1023 per

232 1036 369 1066 medium
386 1035 517 1072 diuidas‚
536 1040 566 1065 et
583 1035 714 1065 veniunt
730 1035 761 1064 in
778 1035 836 1065 hoc
853 1045 926 1064 casu
946 1044 971 1072 5,
989 1035 1065 1064 haec
1082 1045 1153 1064 cum
1171 1034 1277 1072 seipsis
1294 1034 1512 1072 multiplicata,
1529 1035 1643 1073 produ-

196 1100 221 1120 15
233 1091 346 1116 cuntur
361 1095 406 1123 25.
450 1086 495 1114 Ex
509 1085 566 1114 illis
583 1095 615 1114 21
631 1085 805 1121 drachmas,
821 1095 899 1123 quas
914 1085 1007 1123 paulo
1023 1089 1096 1114 ante
1108 1094 1179 1114 cum
1194 1084 1378 1114 substantiis
1390 1084 1643 1114 commemoraui-

233 1146 311 1172 mus,
331 1135 507 1171 subtrahas,
527 1140 557 1164 et
577 1135 749 1164 manebunt
767 1145 795 1171 4,
814 1134 926 1164 horum
945 1134 1079 1164 radicem
1098 1134 1286 1172 quadratam
1305 1134 1449 1172 accipias,
1467 1139 1504 1164 vt
1522 1139 1595 1164 sunt
1616 1145 1642 1172 2,

232 1195 313 1224 quae
327 1195 363 1214 ex
378 1185 546 1214 medietate
561 1184 700 1214 radicum
717 1193 731 1222 5
748 1184 912 1220 diminuas,
929 1189 959 1213 et
975 1184 1147 1213 manebunt
1163 1194 1190 1221 3,
1206 1194 1302 1213 Vnam
1317 1183 1452 1213 radicem
1466 1183 1558 1214 huius
1572 1184 1643 1214 sub-

233 1235 368 1265 stantiae
389 1234 622 1270 constituentia,
643 1244 738 1272 quarn
759 1234 874 1263 scilicet
895 1233 1105 1263 substantiam
1125 1233 1311 1263 nouenarius
1332 1234 1466 1272 complet
1486 1244 1642 1264 numerus.

232 1285 323 1323 Quod
335 1285 360 1314 si
372 1284 505 1320 libuerit,
518 1284 634 1322 poteris
645 1284 712 1322 ipsa
726 1294 752 1320 2,
765 1294 845 1322 quae
856 1294 874 1313 a
887 1283 1055 1313 medietate
1066 1283 1205 1313 radicum
1217 1283 1280 1313 iam
1289 1283 1471 1320 diminuisti,
1482 1284 1644 1314 medietati

196 1349 223 1364 20
234 1335 373 1364 radicum
394 1343 409 1372 5
430 1334 545 1364 scilicet
568 1334 691 1370 addere,
707 1338 737 1363 et
751 1333 882 1363 veniunt
898 1343 931 1371 7;
954 1343 1035 1372 quae
1049 1343 1144 1363 vnam
1159 1333 1354 1363 substantiae
1368 1334 1502 1363 radicem
1517 1334 1643 1363 demon-

233 1390 335 1415 strant
349 1395 445 1423 quam
460 1384 669 1413 substantiam
683 1394 721 1421 49
736 1383 918 1421 adimplent.
962 1383 1042 1413 Cum
1057 1383 1151 1421 igitur
1165 1383 1291 1418 aliquod
1313 1383 1404 1412 huius
1419 1383 1529 1421 capitis
1544 1393 1643 1413 exem-

231 1435 319 1474 plum
331 1435 388 1464 tibi
400 1434 595 1472 propositum
606 1433 709 1470 fuerit,
722 1433 818 1471 ipsius
830 1433 957 1463 modum
970 1443 1040 1462 cum
1052 1433 1234 1469 adiectione,
1247 1433 1512 1471 quemadmodum
1523 1433 1642 1463 dictum

231 1489 289 1521 est,
307 1484 470 1522 inuestiga,
490 1494 582 1522 quem
601 1483 625 1513 si
643 1493 714 1513 cum
732 1483 905 1512 adiectione
922 1493 984 1512 non
1002 1482 1165 1519 inueneris,
1183 1482 1290 1520 procul
1309 1482 1404 1512 dubio
1422 1493 1492 1512 cum
1510 1483 1643 1512 diminu-

233 1535 317 1564 tione
337 1534 477 1572 reperies.
520 1534 589 1563 Hoc
609 1533 691 1562 enim
711 1538 806 1571 caput
826 1533 925 1562 solum
945 1533 1118 1562 adiectione
1138 1532 1229 1562 simul
1249 1537 1280 1562 et
1300 1532 1506 1562 diminutione
1525 1533 1643 1571 indiget

196 1600 221 1621 25
233 1585 317 1624 quod
333 1584 364 1613 in
380 1584 447 1613 aliis
463 1583 617 1622 capitibus
632 1583 807 1621 praemissis
823 1582 949 1612 minime
965 1582 1105 1621 reperies.

273 1634 438 1665 Sciendum
453 1638 498 1663 est
513 1633 618 1669 etiam,
633 1633 759 1671 quando
773 1632 890 1662 radices
905 1633 992 1662 iuxta
1006 1633 1064 1662 hoc
1078 1636 1172 1670 caput
1189 1631 1382 1669 mediaueris,
1398 1637 1428 1661 et
1443 1632 1642 1662 medietatem

233 1685 344 1715 deinde
367 1694 437 1713 cum
459 1683 559 1721 seipsa
580 1682 844 1720 mustiplicaueris,
867 1682 892 1711 si
915 1682 999 1720 quod
1022 1692 1057 1711 ex
1079 1681 1338 1720 multiplicatione
1361 1682 1480 1711 tollitur
1501 1682 1551 1711 vel
1572 1692 1642 1720 pro-

233 1739 365 1770 creatur,
395 1733 497 1763 minus
527 1732 619 1762 fuerit
654 1732 809 1762 drachmis
839 1742 910 1761 cum
940 1731 1117 1761 substantia
1146 1731 1376 1770 pronunciatis:
1414 1731 1555 1769 quaestio
1584 1731 1643 1762 tibi

233 1783 392 1823 proposita
416 1783 500 1812 nulla
524 1782 590 1812 erit.
633 1782 675 1812 At
699 1782 724 1811 si
747 1781 902 1811 drachmis
925 1782 1054 1820 aequale
1082 1781 1174 1811 fuerit
1203 1781 1252 1810 vel
1276 1786 1455 1819 procreatur
1474 1791 1536 1811 vna
1556 1781 1642 1812 radix

273 1856 293 1871 1.
311 1848 428 1871 drachmis
438 1856 482 1871 om.
542 1847 708 1875 equiparantes
719 1851 759 1874 pro
772 1847 888 1874 aequales.
1003 1847 1037 1870 16.
1054 1846 1078 1868 id
1087 1850 1121 1869 est
1134 1850 1174 1873 pro
1184 1850 1212 1868 vt
1224 1850 1286 1868 sunt.

272 1893 293 1908 2.
311 1890 379 1908 erunt
397 1893 408 1912 5
425 1889 448 1907 et
465 1889 547 1912 postea
568 1892 608 1906 eas
631 1884 654 1906 in
678 1884 759 1911 seipsis
780 1884 912 1911 mthiplica
1004 1884 1039 1906 18.
1056 1891 1163 1906 nouenus
1179 1887 1218 1910 pro
1235 1883 1384 1906 nouenarius.

232 1923 337 1951 fientque
350 1931 360 1945 2
364 1930 385 1950 5.
417 1923 478 1945 adde
489 1922 560 1949 igitur
567 1929 606 1944 eas
614 1929 682 1948 super
693 1924 721 1948 56
731 1926 847 1948 eruntque
857 1921 912 1948 (que
1002 1929 1036 1948 19.
1054 1921 1085 1943 Et
1099 1921 1117 1943 si
1131 1921 1239 1943 volueris.
1300 1921 1388 1948 poteris
1403 1929 1446 1943 om.
1509 1921 1553 1949 ipsi
1569 1921 1642 1944 medi-

234 1969 276 1984 om.
288 1961 321 1986 D)
336 1962 361 1983 81
375 1964 414 1987 pro
425 1960 524 1982 veniunt
536 1967 547 1986 5
561 1977 565 1981 .
585 1977 589 1981 .
608 1977 613 1981 .
630 1959 771 1985 colliguntur
783 1959 819 1980 81.
963 1959 1022 1981 etati
1033 1962 1056 1980 et
1070 1958 1102 1984 (id
1115 1962 1150 1981 est
1162 1959 1195 1983 D)
1208 1966 1220 1985 5
1232 1962 1273 1986 pro
1285 1958 1408 1980 medietati
1420 1959 1525 1981 radicum
1537 1966 1558 1986 5.

271 2006 294 2026 3.
311 2006 365 2025 ergo
378 2005 468 2020 summe
481 2001 521 2024 pro
534 1996 631 2019 collecti.
1004 2003 1038 2019 20.
1055 1996 1159 2018 addicias
1170 2000 1193 2018 et
1206 1996 1263 2018 fient
1275 2003 1302 2022 7;
1335 1996 1439 2018 addicias
1450 2004 1505 2018 corr.
1516 1997 1542 2018 in
1554 1996 1642 2019 adicias

271 2043 294 2063 4.
311 2040 334 2058 et
347 2039 388 2062 pro
402 2039 481 2062 atque.
589 2041 610 2061 5.
633 2033 780 2056 substantiae
791 2033 857 2055 radix
868 2040 912 2056 om.
963 2033 991 2056 V.
1054 2040 1115 2060 quae
1125 2040 1210 2055 vnam:
1231 2034 1282 2056 Hec
1293 2033 1363 2060 igitur
1377 2033 1440 2060 (ergo
1452 2034 1485 2059 D)
1500 2040 1511 2060 7
1523 2041 1602 2056 unam.

273 2075 294 2096 6.
312 2074 364 2095 Hoc
376 2074 400 2098 -i-
411 2080 473 2099 ergo.
536 2071 623 2094 fuerint
635 2073 659 2096 -Ι-
671 2075 702 2093 et.
1003 2078 1038 2094 21.
1055 2078 1126 2098 quam
1136 2073 1158 2094 ⁴}-
1169 2070 1263 2093 scilicet.
1322 2070 1436 2097 adimplet
1448 2071 1479 2093 D.
1544 2071 1640 2098 aliquid.

273 2117 294 2138 7.
311 2114 334 2133 et
351 2110 454 2132 numeris
469 2117 548 2132 secum
570 2108 731 2136 pronunciatis
752 2111 792 2135 pro
815 2108 873 2130 item
888 2110 912 2130 et
963 2108 1060 2135 capitis:
1078 2107 1207 2135 capitulum
1223 2112 1263 2135 pro
1275 2111 1346 2135 caput
1358 2108 1447 2136 ubiqiae.
1508 2108 1641 2136 exemplum

234 2148 360 2171 drachmis.
962 2153 1005 2168 om.

273 2186 295 2208 8.
313 2186 414 2208 Titulum
426 2192 469 2207 om.
481 2185 514 2211 V;
547 2184 649 2206 radicem
660 2187 700 2210 pro
711 2183 800 2205 radices
810 2183 842 2205 D.
1002 2189 1037 2205 22.
1054 2182 1176 2205 addicione
1185 2183 1207 2205 D
1219 2185 1238 2205 et
1249 2183 1281 2205 sic
1292 2183 1387 2210 passim.
1432 2183 1560 2206 secundum
1569 2183 1640 2210 quod.

272 2231 295 2251 9.
313 2227 393 2245 autem
410 2222 479 2244 huius
489 2222 547 2244 artis
563 2226 603 2248 pro
620 2221 689 2243 huius
700 2221 740 2243 rei.
803 2220 858 2243 talis
868 2227 910 2242 om.
1003 2228 1037 2247 23.
1054 2228 1125 2247 quam
1137 2221 1168 2242 D.
1321 2227 1356 2247 24.
1373 2220 1419 2243 Hic
1429 2221 1460 2244 D.
1523 2221 1585 2243 enim
1596 2229 1640 2244 om.

1000 2264 1034 2285 ²5·
1052 2258 1127 2280 tribus
1138 2262 1178 2285 pro
1190 2257 1247 2280 aliis.
1302 2262 1379 2285 preter
1391 2258 1452 2280 hunc
1465 2258 1519 2283 (hoc
1529 2262 1640 2285 superscr.

235 2290 264 2313 V.
325 2290 355 2312 In
370 2296 439 2316 marg.
465 2275 492 2315 3
521 2274 547 2313 :i'
570 2272 597 2315 φ
612 2274 677 2322 Z(-
696 2287 726 2309 D⁴
963 2295 985 2316 D
1008 2302 1067 2316 man.
1094 2295 1115 2321 2)
1139 2295 1214 2317 solum
1235 2295 1259 2317 in
1280 2295 1366 2323 quibus
1392 2295 1482 2318 radices
1506 2295 1641 2317 mediantur

274 2342 310 2358 11.
328 2335 371 2357 hoc
384 2336 408 2360 -l-
420 2342 481 2361 ergo.
962 2336 1003 2360 pro
1021 2333 1160 2359 praemissis.

275 2379 309 2395 12.
327 2373 408 2394 similis
418 2376 458 2399 pro
470 2371 546 2395 simul.
608 2370 725 2393 radicibus
736 2373 878 2397 procreetur.
1002 2370 1038 2391 26.
1055 2374 1089 2392 oet
1099 2377 1142 2392 om.
1203 2370 1316 2397 quoniam
1327 2370 1431 2398 quando.
1491 2377 1530 2393 eas
1541 2374 1581 2397 pro
1593 2377 1640 2392 me-

274 2417 309 2437 13.
326 2410 404 2432 Huius
414 2411 438 2434 -l-
448 2413 535 2431 autem.
598 2408 641 2430 hac
649 2408 727 2435 regula
736 2411 775 2434 pro
783 2408 827 2430 hoc
834 2407 911 2430 modo.
963 2407 1084 2429 dietatem.

234 2451 262 2470 vt
272 2455 316 2470 om.
378 2447 482 2468 Primum
494 2454 548 2472 ergo
559 2446 655 2468 radices.
1002 2451 1036 2471 27.
1053 2444 1138 2466 deinde
1153 2452 1196 2466 om.
1258 2445 1346 2472 seipsas
1356 2445 1389 2471 V:
1406 2444 1487 2471 seipsis
1503 2444 1534 2467 D.
1595 2444 1640 2467 col-

275 2492 309 2511 14.
327 2484 418 2506 diuides
429 2484 459 2505 D.
523 2487 545 2505 et
558 2483 622 2505 fient.
684 2482 707 2504 in
718 2482 762 2504 hoc
773 2489 828 2504 casu
840 2489 882 2504 om.
964 2481 1043 2508 ligitur
1053 2482 1081 2504 V.
1143 2482 1180 2504 vel
1192 2486 1328 2509 procreatur
1338 2489 1381 2504 am.
1393 2485 1412 2504 et
1423 2482 1455 2504 sic
1468 2482 1537 2508 infra.

276 2523 355 2548 14—16,
373 2529 412 2543 eas
421 2529 474 2548 ergo
485 2521 508 2543 in
519 2528 542 2543 se
554 2520 684 2547 multiplica
695 2524 718 2542 et
730 2523 798 2542 erunt
811 2527 846 2546 25.
878 2520 912 2541 Ex
1003 2520 1038 2542 28.
1055 2519 1215 2546 pronunciatis
1225 2521 1249 2544 -Ι-
1258 2520 1335 2542 fuerit.
1402 2519 1508 2546 quaestio
1521 2520 1545 2544 ἦ·
1557 2526 1609 2546 que.

236 2559 272 2581 his
290 2559 344 2585 (hiis
359 2559 392 2582 D)
406 2566 459 2585 ergo
473 2566 497 2580 21
511 2558 590 2580 minue
603 2557 731 2583 (diminuas
745 2557 780 2583 D)
797 2564 843 2584 que
859 2564 912 2579 cum
1002 2563 1037 2583 29.
1054 2557 1118 2579 facta
1136 2557 1213 2579 fuerat
1229 2556 1351 2579 adnullata
1367 2560 1409 2583 est,
1426 2563 1453 2578 ac
1469 2556 1487 2579 si
1504 2556 1556 2583 ipsa
1571 2555 1640 2579 simul

236 2597 370 2619 substantia
389 2596 436 2618 iam
456 2595 633 2623 pretaxauimus
654 2598 694 2622 pro
710 2595 767 2617 haec
789 2602 842 2617 cum
859 2612 865 2617 .
883 2613 888 2616 .
907 2613 911 2617 .
963 2594 1126 2621 dragmatibus
1136 2594 1207 2616 fuerit
1224 2598 1264 2621 pro
1275 2593 1396 2621 proposita
1414 2613 1419 2617 .
1437 2613 1442 2617 .
1460 2613 1465 2617 .
1480 2593 1519 2616 vel
1534 2600 1640 2621 procrea-

236 2634 369 2657 subtrahas.
963 2635 1010 2655 tur.
1069 2631 1134 2654 facta
1145 2631 1165 2655 C
1176 2631 1214 2653 sed
1224 2631 1267 2655 del.
