1780 2995
231 249 273 280 94
584 242 703 269 LIBER
729 242 939 269 ALGEBRAE
966 242 1016 269 ET
1043 242 1312 271 ALMUCABOLA

209 343 220 358 1
272 334 451 372 Sequuntur
462 343 545 363 nunc
556 333 669 363 similes
680 333 832 363 nodorum
844 333 1127 371 multiplicationes,
1139 343 1193 372 per
1205 344 1250 364 res
1262 344 1315 364 seu
1327 334 1444 364 radices
1456 339 1486 364 et
1498 345 1639 365 numeros

231 384 399 422 expositae.
442 383 561 412 Eodem
580 383 672 412 modo
692 393 738 413 res
757 383 837 412 inter
856 393 888 413 se
907 383 1163 421 multiplicantur,
1184 384 1310 422 quando
1329 394 1399 414 cum
1418 384 1492 422 ipsis
1511 385 1638 423 numeri¹

231 434 281 464 vel
303 434 388 472 ipsae
411 433 475 463 sine
497 433 632 463 numeris
654 433 779 470 fuerint,
800 433 849 462 vel
872 433 997 471 quando
1020 433 1084 462 sine
1106 433 1180 471 ipsis
1200 434 1319 463 numeri
1342 434 1493 472 propositi
1515 434 1640 464 fuerint.

232 484 374 514 Dicendo
390 483 613 522 multiplicetur
631 494 643 512 1
661 493 707 512 res
723 487 754 512 et
773 493 807 512 10
823 493 893 512 cum
912 493 924 512 1
942 493 973 512 re
989 487 1019 512 et
1038 493 1082 519 10,
1096 483 1180 512 dicas
1195 483 1288 521 igitur
1304 493 1350 513 res
1365 493 1435 513 cum
1451 494 1482 513 re
1497 484 1640 514 substan-

207 545 220 566 s
232 535 319 571 tiam,
334 539 365 564 et
378 544 425 563 res
438 543 509 563 cum
525 544 560 563 10
573 533 780 571 multiplicata
796 543 831 562 10
844 542 890 562 res
903 537 1038 570 generat.
1081 533 1162 562 Item
1179 543 1214 562 10
1227 543 1297 562 cum
1310 543 1342 563 re
1358 544 1393 562 10
1406 543 1462 570 165,
1475 538 1506 563 et
1522 544 1558 563 10
1571 544 1639 563 cum

233 595 270 614 10
292 583 500 622 multiplicata
525 593 580 612 100
601 587 758 621 generant.
802 582 869 611 Erit
892 592 962 620 ergo
985 585 1088 612 totum
1113 593 1125 612 1
1150 583 1326 612 substantia
1350 593 1386 612 20
1407 593 1454 612 res
1476 588 1507 613 et
1529 594 1583 613 100
1605 594 1640 613 ex

231 634 377 664 numeris.

272 684 313 713 Et
330 683 354 713 si
370 683 464 720 dicas,
481 682 705 721 multiplicetur
724 692 736 711 1
761 692 808 711 res
824 691 894 711 cum
913 692 925 711 1
944 692 992 711 re:
1019 682 1113 718 dicas,
1130 692 1177 711 res
1193 692 1263 712 cum
1286 693 1318 712 re
1340 682 1549 720 multiplicata
1570 693 1639 721 pro-

231 734 318 764 ducit
334 733 553 763 substantiam.
596 733 701 770 Atque
717 736 842 761 tantum
858 731 984 770 quidem
1000 736 1046 761 est
1063 732 1330 770 multiplicationis
1346 732 1544 770 productum.

193 795 221 810 10
272 783 418 813 Similiter
438 793 485 812 res
506 782 571 812 sine
594 793 629 811 10
650 792 721 811 cum
741 791 773 811 re
793 781 858 811 sine
882 791 933 810 10:
966 781 1024 817 dic,
1042 791 1089 811 res
1115 791 1186 811 cum
1202 792 1233 811 re
1249 782 1459 811 substantiam
1478 782 1640 820 producit;

231 833 296 864 sine
312 843 347 862 10
360 843 434 862 vero
448 843 519 862 cum
531 842 564 861 re
580 842 614 861 10
627 842 674 861 res
687 831 831 870 producit
845 831 1070 861 diminuendas.
1113 831 1194 861 Item
1208 841 1254 861 res
1268 841 1338 861 611111
1352 841 1383 860 16
1400 842 1434 860 10
1448 842 1494 861 165
1508 832 1640 861 (1111111111-

231 884 344 919 endas3
379 883 443 912 sine
468 893 503 912 10
525 882 598 911 vero
622 892 692 911 cum
715 881 779 911 sine
804 891 839 910 10
864 891 919 910 100
942 891 977 910 ex
999 881 1134 911 numeris
1156 881 1315 911 addendas
1337 886 1509 919 procreant.
1551 882 1640 911 Vnde

231 938 335 963 totum
358 932 624 970 multiplicationis
646 931 833 970 productum
856 931 896 961 ad
921 941 933 960 1
958 931 1168 960 substantiam
1190 931 1255 960 sine
1279 941 1315 960 20
1337 931 1501 968 radicibus,
1525 931 1639 962 additis

230 993 304 1013 vero
319 993 354 1012 ex
369 982 504 1012 numeris
522 992 586 1018 100,
602 992 666 1011 5656
681 981 829 1011 extendit.

191 1043 219 1064 15
270 1033 325 1063 Vel
342 1033 436 1062 etiam
453 1032 477 1062 si
494 1032 587 1068 dicas,
608 1042 642 1060 10
659 1041 729 1061 cum
748 1041 799 1067 10;
827 1031 902 1060 item
922 1041 956 1059 10
972 1030 1036 1059 sine
1052 1040 1084 1060 re
1100 1040 1170 1060 cum
1189 1041 1224 1060 10
1240 1030 1305 1060 sine
1321 1041 1369 1060 re:
1396 1031 1445 1060 (116
1464 1041 1499 1060 10
1515 1041 1585 1060 611111
1604 1041 1639 1060 10

230 1083 438 1121 multiplicata
470 1086 634 1120 procreant
670 1091 734 1110 100.
776 1081 880 1118 Atque
914 1085 1038 1110 tantum
1072 1085 1118 1110 est
1151 1080 1338 1118 productum
1372 1080 1639 1119 multiplicationis

229 1133 348 1171 prioris.
391 1132 451 1162 Dic
471 1131 582 1161 deinde
605 1142 639 1160 10
660 1141 730 1160 cum
754 1141 788 1159 10
808 1134 933 1159 centum
954 1130 1114 1166 addenda;
1145 1130 1210 1159 sine
1229 1140 1261 1159 re
1281 1131 1354 1159 vero
1375 1140 1445 1160 611111
1468 1141 1513 1167 10,
1537 1141 1572 1160 10
1592 1140 1638 1160 165

229 1187 356 1221 generat
371 1181 596 1212 diminuendas.
639 1181 721 1210 Item
736 1180 784 1209 dic
803 1190 837 1209 10
853 1190 923 1209 curn
938 1179 1003 1209 sine
1018 1190 1049 1209 re
1067 1190 1102 1209 10
1117 1190 1163 1209 res
1179 1180 1412 1215 diminuendas3
1439 1180 1504 1209 sine
1519 1190 1550 1209 re
1565 1180 1638 1210 vero

230 1240 301 1260 611111
328 1230 393 1259 51116
420 1239 461 1266 16,
490 1229 698 1259 substantiam
726 1234 867 1268 procreat
895 1229 1080 1259 addendam.
1122 1230 1211 1259 Vnde
1239 1234 1342 1259 totum
1370 1230 1638 1268 multiplicationis

190 1295 219 1310 20
229 1280 406 1319 posterioris
422 1279 610 1318 productum
627 1279 667 1308 ad
687 1289 741 1308 100
757 1279 874 1317 absque
893 1289 928 1308 20
945 1279 1045 1316 rebus,
1063 1289 1125 1309 vna
1141 1279 1318 1309 substantia
1335 1279 1407 1309 verb
1424 1279 1556 1316 adiecta,
1573 1289 1638 1309 sese

230 1330 380 1360 extendit.

270 1380 300 1410 Si
312 1384 418 1410 autem
430 1378 596 1417 quaesieris
610 1389 645 1408 10
657 1383 687 1408 et
700 1388 746 1408 res
758 1389 828 1408 cum
840 1389 895 1408 suo
907 1379 1028 1417 aequali
1040 1379 1258 1417 multiplicata,
1271 1383 1425 1417 quantum
1436 1379 1637 1417 producunt?

230 1430 289 1459 Dic
307 1440 342 1459 10
357 1439 427 1459 cum
446 1439 490 1465 10,
510 1439 581 1464 100;
608 1433 638 1458 et
654 1438 700 1458 res
715 1438 785 1458 611111
803 1439 848 1465 10,
867 1439 902 1457 10
917 1438 963 1458 165
977 1433 1128 1466 procreat.
1171 1429 1253 1458 Item
1271 1439 1305 1458 10
1321 1439 1391 1458 cum
1406 1439 1447 1465 16,
1466 1439 1501 1458 10
1516 1439 1579 1465 165;
1606 1433 1637 1458 et

228 1490 275 1509 res
301 1490 371 1509 cum
396 1489 438 1515 re,
464 1478 672 1508 substantiam
697 1483 832 1516 generat.
874 1479 956 1507 Tota
981 1483 1086 1508 autem
1111 1478 1186 1508 haec
1211 1478 1429 1516 multiplicatio
1454 1478 1494 1507 ad
1522 1489 1577 1507 100
1602 1488 1637 1508 ex

190 1544 217 1564 25
229 1540 367 1565 numero,
385 1539 420 1558 20
433 1539 479 1558 res
494 1533 524 1558 et
538 1538 633 1557 vnam
647 1528 855 1558 substantiam
869 1538 934 1557 sese
948 1528 1102 1558 extendet.

269 1579 359 1617 Quod
373 1579 398 1608 si
412 1579 454 1608 sic
468 1578 632 1616 quaesieris
647 1578 752 1608 decem
766 1578 830 1607 sine
844 1588 875 1607 re
889 1588 959 1607 cum
976 1588 1020 1614 10,
1035 1578 1084 1607 vel
1098 1578 1203 1608 decem
1218 1582 1248 1607 et
1262 1588 1309 1607 res
1323 1588 1393 1607 cum
1410 1587 1462 1607 10:
1486 1577 1637 1616 producet

229 1629 448 1668 multiplicatio
462 1628 545 1667 prior
562 1638 617 1657 100
632 1638 667 1657 ex
681 1628 815 1657 numeris
830 1628 947 1666 absque
964 1638 999 1656 10
1013 1628 1113 1664 rebus,
1128 1627 1279 1666 posterior
1293 1627 1366 1657 vero
1384 1638 1439 1656 100
1453 1637 1488 1657 ex
1503 1628 1637 1657 numeris

229 1684 260 1709 et
278 1690 312 1708 10
326 1689 382 1708 res.

269 1729 299 1759 Si
322 1733 427 1758 autem
450 1727 559 1757 dixerit
583 1727 702 1766 aliquis,
726 1727 831 1757 decem
853 1727 918 1757 sine
940 1737 971 1757 re
993 1737 1063 1757 611111
1089 1738 1123 1756 10
1146 1732 1177 1757 et
1199 1737 1230 1756 re
1253 1727 1460 1765 multiplicata
1483 1731 1636 1765 quantum

189 1792 218 1812 30
229 1779 371 1808 faciunt?
413 1777 507 1807 Dicas
530 1788 565 1806 10
584 1787 655 1807 cum
678 1788 722 1813 10,
746 1787 800 1806 100
819 1777 998 1813 drachmas;
1030 1782 1060 1806 et
1080 1777 1144 1806 sine
1163 1787 1194 1806 re
1214 1787 1284 1806 cum
1306 1787 1350 1813 10,
1375 1787 1410 1805 10
1429 1787 1476 1806 res
1495 1781 1636 1814 procreat

228 1828 453 1858 diminuendas.
496 1828 577 1856 Item
601 1837 636 1856 10
657 1837 726 1856 cum
747 1837 788 1863 re,
810 1837 856 1856 res
881 1837 915 1855 10
936 1831 1082 1864 generant
1104 1827 1278 1861 addendas;
1311 1831 1342 1856 et
1363 1826 1427 1856 sine
1448 1836 1479 1855 re
1500 1836 1570 1856 611111
1595 1837 1636 1863 16,

228 1878 437 1908 substantiam
449 1881 589 1915 procreat
603 1876 844 1906 diminuendam.
888 1877 957 1906 Hoc
969 1886 1039 1914 ergo
1052 1881 1155 1906 totum
1167 1876 1207 1905 ad
1222 1887 1276 1905 100
1288 1876 1451 1905 drachmas
1462 1876 1635 1914 proueniet,

228 1939 290 1958 vna
304 1927 480 1957 substantia
494 1927 625 1956 abiecta.

269 1979 309 2007 Et
326 1978 350 2007 si
366 1977 486 2013 dixerit,
503 1976 608 2006 decem
624 1976 688 2006 sine
703 1986 734 2005 re
750 1986 820 2005 cum
836 1986 884 2005 re:
911 1975 959 2005 dic
978 1986 1013 2005 10
1029 1986 1099 2005 cum
1114 1986 1155 2012 re,
1175 1986 1210 2004 10
1225 1986 1271 2005 res
1287 1980 1460 2013 procreant,
1478 1980 1508 2005 et
1524 1975 1589 2004 sine
1604 1985 1636 2005 re

188 2041 216 2062 35
229 2038 298 2057 cum
312 2038 353 2064 re,
367 2026 576 2057 substantiam
589 2030 715 2064 generat
728 2025 970 2055 diminuendam.
1013 2026 1081 2055 Hoc
1095 2035 1165 2063 ergo
1178 2025 1218 2055 ad
1234 2036 1269 2054 10
1282 2035 1328 2054 res
1341 2025 1500 2063 perueniet
1514 2025 1635 2054 abiecta

228 2077 415 2108 substantia.

269 2143 332 2164 1—28.
350 2149 392 2164 om.
428 2142 484 2164 Vide
495 2145 547 2168 pag.
559 2148 594 2167 92,
609 2148 630 2162 n.
643 2141 665 2164 6.
1001 2147 1035 2166 29.
1053 2139 1137 2166 aliquis
1148 2147 1191 2161 om.

267 2187 287 2207 7.
306 2180 324 2202 C
337 2179 402 2201 add:
422 2183 449 2201 vt
461 2179 575 2205 sequitur,
998 2184 1034 2204 30.
1052 2177 1133 2199 Ducas
1145 2177 1175 2198 D.
1238 2176 1362 2199 drachmas
1373 2184 1416 2198 om.

416 2224 425 2238 1
439 2223 475 2238 res
506 2220 529 2238 et
544 2223 570 2237 10
997 2222 1034 2240 31.
1052 2218 1075 2236 et
1089 2221 1124 2236 res
1136 2214 1160 2236 in
1175 2221 1208 2239 10,
1225 2221 1251 2235 10
1264 2221 1306 2236 res.
1368 2217 1472 2240 generat.

348 2261 401 2276 cum
416 2261 424 2275 1
439 2261 470 2276 16.
506 2257 529 2275 et
544 2260 570 2274 10
997 2259 1033 2278 32.
1051 2256 1174 2278 procreant
1186 2252 1217 2273 D.
1280 2252 1331 2273 Hoc
1343 2258 1385 2272 om.
1398 2251 1428 2272 D.
1490 2250 1618 2277 perueniet.

417 2299 425 2312 1
440 2291 491 2312 sub.
504 2294 527 2312 et
542 2298 568 2312 10
580 2297 616 2312 165
998 2296 1034 2316 33.
1052 2296 1099 2311 vna
1111 2296 1154 2310 om.
1167 2289 1198 2310 D.
1261 2288 1280 2310 C
1293 2288 1357 2310 add.:
1379 2288 1489 2315 Sequitur
1501 2287 1610 2310 calculus

546 2335 572 2349 10
584 2334 620 2349 res
631 2330 654 2349 et
670 2334 711 2348 100
723 2327 746 2348 N
1163 2333 1190 2347 10
1201 2326 1250 2347 sine
1261 2333 1293 2348 re.

262 2366 359 2389 Summa
372 2373 421 2392 pro.
437 2373 444 2387 1
459 2365 510 2387 sub.
546 2372 573 2386 20
585 2372 620 2386 res
635 2372 676 2386 100
688 2372 714 2386 ex
726 2371 766 2386 nu.
1079 2370 1132 2385 cum
1162 2370 1188 2384 10
1200 2367 1222 2384 et
1260 2370 1292 2385 re.

268 2411 302 2430 14.
321 2403 339 2426 C
352 2403 417 2425 add:
438 2403 549 2430 Sequitur
561 2402 671 2424 calculus.
1147 2407 1189 2422 100
1200 2400 1249 2422 sine
1262 2407 1289 2421 10
1301 2399 1348 2421 reb.

416 2448 425 2462 1
439 2448 474 2462 res
508 2440 557 2462 sine
571 2447 597 2461 10
1262 2444 1289 2458 10
1300 2444 1336 2458 res
1347 2437 1395 2458 sine
1407 2436 1541 2458 substantia

349 2485 402 2501 cum
416 2485 424 2499 1
439 2485 470 2500 16,
507 2478 555 2499 sine
569 2484 596 2498 10
1148 2482 1189 2496 100
1201 2475 1250 2496 sine
1262 2474 1395 2496 substantia

416 2523 425 2537 1
439 2515 490 2537 sub.
504 2515 552 2536 sine
567 2522 594 2536 10
605 2521 636 2536 re.
995 2513 1076 2539 34—36.
1094 2512 1125 2534 Et
1138 2530 1142 2534 .
1161 2529 1166 2534 .
1185 2529 1189 2534 .
1202 2511 1335 2534 substantia
1345 2511 1370 2533 in
1382 2518 1451 2537 marg.
1462 2510 1485 2533 D
1499 2518 1558 2532 man.
1573 2517 1592 2532 2.

505 2552 554 2574 sine
568 2559 594 2573 10
606 2559 636 2573 16.
649 2551 701 2581 plus
715 2558 756 2572 100
995 2557 1030 2576 34.
1048 2549 1111 2572 dicas
1123 2553 1162 2576 pro
1174 2549 1211 2571 dic
1221 2553 1294 2576 saepe.

415 2597 425 2612 1
439 2589 490 2611 sub.
502 2589 551 2611 sine
565 2589 642 2615 10(20)
656 2595 692 2610 res
703 2588 755 2615 plus
770 2595 811 2610 100
994 2594 1030 2614 35.
1048 2586 1177 2614 perueniat.
