1780 2995
226 280 284 308 104
558 273 678 300 LIBER
705 272 915 300 ALGEBRAE
942 272 994 299 ET
1021 271 1292 300 ALMUCABOLA

200 378 211 392 ι
222 363 359 402 fientque
374 368 508 402 quatuor
523 364 665 402 aequales
681 363 952 401 multiplicationes
967 363 1064 401 partis
1079 362 1169 392 vnius
1185 372 1254 392 cum
1270 363 1376 399 altera,
1393 372 1431 398 40
1445 372 1492 392 res
1507 362 1624 400 absque

222 424 241 449 4
256 413 448 443 substantiis.
491 414 603 443 Postea
618 423 682 443 rem
698 423 768 443 cum
784 423 825 449 re,
842 412 873 442 id
889 417 935 442 est
951 413 1081 442 alteram
1096 417 1217 450 partem
1232 422 1302 442 curn
1317 412 1426 450 seipsa,
1442 412 1623 450 multiplica,

223 466 254 490 et
280 461 467 499 producetur
494 461 679 498 substantia,
706 461 797 491 rebus
823 471 861 497 40
887 461 1004 499 absque
1030 471 1048 497 4
1074 462 1256 492 substantiis
1283 462 1428 501 aequalis.
1471 462 1625 491 Restaura

222 511 316 548 igitur
338 521 510 548 numerum,
534 511 592 541 hoc
615 516 661 541 est
684 511 878 541 substantiae
908 511 1099 540 substantias
1122 516 1256 550 quatuor
1279 512 1414 548 adiicias,
1438 512 1626 550 venientque

199 573 212 594 ⁵
223 561 360 599 quinque
376 561 570 591 substantiae
586 572 625 598 40
649 571 695 591 res
712 565 928 599 coaequantes.
972 561 1068 590 Vnius
1094 571 1164 599 ergo
1180 562 1374 591 substantiae
1391 562 1526 591 radicem
1542 566 1626 591 octo-

224 611 327 640 narius
343 621 487 641 numerus
504 611 649 649 assignat.
692 611 765 649 Ipsa
781 611 891 640 deinde
906 611 1083 640 substantia
1097 611 1129 640 in
1145 613 1182 647 64
1198 612 1392 649 terminatur,
1410 611 1496 641 cuius
1512 611 1626 640 scilicet

223 660 310 690 radix
329 671 424 690 vnam
444 665 566 698 partem
595 661 713 690 numeri
734 660 851 690 denarii
879 670 949 690 cum
969 660 1069 698 seipsa
1098 660 1348 699 multiplicatam,
1369 661 1573 697 demonstrat,
1595 665 1627 690 et

223 710 380 740 residuum
402 711 522 740 numeri
540 721 575 740 10
593 711 624 740 in
639 710 758 740 binario
774 710 958 740 terminatur
973 720 1109 740 numero.
1152 711 1225 740 Duo
1239 710 1345 749 itaque
1360 711 1490 740 alteram
1505 715 1626 749 partem

223 760 343 790 numeri
369 771 404 789 10
425 760 578 790 obtinent.
621 761 689 790 Iam
714 760 807 798 igitur
826 760 901 789 haec
923 760 1064 798 quaestio
1087 760 1127 790 ad
1146 771 1243 790 vnum
1264 771 1316 790 sex
1335 761 1457 790 illorum
1478 760 1627 799 capitum,

186 822 213 836 10
224 809 299 839 illud
315 809 462 840 nimirum
477 810 508 840 in
522 820 584 849 quo
598 810 739 847 diximus,
754 809 948 839 substantiae
962 809 1079 839 radices
1093 815 1276 848 coaequant,
1291 815 1322 840 te
1335 810 1490 848 perduxit.

635 910 734 947 Caput
757 910 928 943 secundum,
947 910 1078 947 quaestio
1100 910 1229 939 secunda

263 992 435 1022 Denarium
448 1002 611 1022 numerum
625 992 667 1022 sic
682 992 712 1021 in
727 992 788 1022 duo
803 992 918 1028 diuido,
934 997 969 1021 vt
984 992 1008 1021 si
1022 992 1165 1021 denarius
1180 1002 1324 1022 numerus
1339 992 1430 1022 semel
1446 1002 1517 1022 cum
1531 991 1630 1030 seipso

223 1042 455 1080 multiplicetur,
485 1052 629 1072 numerus
657 1042 711 1081 qui
739 1053 773 1071 ex
802 1042 1059 1080 multiplicatione
1086 1042 1274 1080 producetur
1302 1042 1438 1080 aequalis
1467 1042 1507 1071 sit
1536 1041 1630 1080 duplo

223 1091 342 1121 numeri
363 1091 436 1128 eius,
458 1092 511 1130 qui
531 1102 566 1121 ex
586 1092 844 1130 multiplicatione
864 1091 953 1121 Vnius
973 1091 1070 1130 partis
1091 1102 1161 1121 cum
1181 1091 1280 1130 seipsa
1299 1091 1491 1130 producitur,
1512 1096 1631 1129 septem

187 1153 213 1174 ις
224 1142 351 1171 nouenis
366 1142 508 1180 partibus
523 1142 659 1171 eiusdem
674 1142 817 1180 producti
832 1141 951 1171 numeri
966 1141 1183 1180 superadditis.

263 1191 364 1221 Huius
384 1191 426 1221 rei
445 1191 595 1230 expositio
614 1196 670 1228 est,
691 1196 727 1221 vt
746 1202 908 1221 numerum
930 1201 966 1220 10
985 1201 1055 1221 curn
1074 1191 1173 1229 seipso
1193 1191 1387 1229 multiplices,
1407 1191 1545 1229 fientque
1566 1201 1631 1228 100,

224 1241 301 1271 duas
316 1241 507 1271 substantias
522 1246 553 1271 et
567 1246 686 1280 septem
701 1241 791 1271 Vnius
806 1241 1000 1271 substantiae
1014 1251 1110 1271 nonas
1125 1241 1339 1279 coaequantia.
1382 1241 1469 1271 Haec
1483 1241 1524 1270 ad
1537 1250 1632 1270 vnam

224 1295 387 1321 conuertas
405 1291 624 1328 substantiam,
643 1291 674 1321 id
693 1296 739 1321 est
757 1291 796 1321 ad
814 1302 927 1321 nouem
945 1291 1108 1329 vigesimas
1126 1291 1251 1330 quintas
1268 1295 1373 1329 partes
1391 1301 1472 1329 quae
1490 1290 1632 1329 quintam

224 1346 255 1370 et
277 1340 293 1378 ἕ
315 1341 443 1379 quintae
463 1341 634 1378 continent,
655 1346 750 1380 atque
771 1346 935 1371 centenum
956 1351 1118 1370 numerum
1138 1341 1178 1370 ad
1199 1341 1262 1370 eius
1283 1341 1426 1379 quintam
1447 1345 1478 1370 et
1499 1345 1633 1379 quatuor

185 1405 214 1420 20
224 1391 352 1429 quintae
372 1391 507 1429 quintas,
528 1391 560 1420 id
580 1396 626 1420 est
646 1391 686 1420 ad
702 1393 749 1429 36,
770 1401 864 1420 vnam
880 1391 1088 1420 substantiam
1108 1395 1315 1429 coaequantes
1330 1395 1492 1426 conuerte;
1525 1395 1556 1419 et
1576 1390 1633 1419 erit

224 1441 311 1470 radix
337 1441 530 1470 substantiae
557 1443 584 1477 6,
611 1451 706 1470 vnam
733 1441 891 1470 diuisionis
917 1446 1038 1479 partem
1064 1441 1183 1470 numeri
1209 1440 1315 1470 decem
1342 1440 1524 1479 exprimens,
1551 1440 1634 1469 vnde

224 1491 322 1520 altera
348 1490 458 1520 deinde
491 1491 523 1520 in
549 1491 747 1529 quaternario
782 1500 909 1520 numero
934 1490 1039 1528 procul
1067 1490 1161 1520 dubio
1196 1490 1389 1520 terminatur.
1434 1490 1533 1528 Igitur
1558 1490 1634 1519 haec

225 1540 366 1578 quaestio
391 1540 431 1570 ad
457 1540 626 1570 secundum
651 1550 702 1570 sex
727 1540 866 1578 capitum
892 1545 923 1569 te
947 1540 1100 1578 perduxit,
1126 1540 1158 1569 in
1183 1550 1245 1578 quo
1270 1540 1413 1576 diximus,
1440 1540 1635 1569 substantiae

224 1600 369 1620 numeros
384 1595 568 1628 coaequant.

187 1656 214 1677 2⁵
665 1649 764 1686 Caput
786 1649 914 1685 tertium,
938 1649 1069 1687 quaestio
1091 1649 1177 1678 tertia

265 1731 436 1761 Denarium
452 1741 613 1761 numerum
629 1731 674 1760 ita
689 1731 720 1760 in
736 1731 798 1760 duo
810 1731 926 1767 diuido,
939 1736 984 1767 vt,
998 1742 1060 1760 vna
1072 1731 1136 1761 eius
1151 1736 1240 1769 parte
1255 1731 1286 1760 in
1299 1731 1429 1760 alteram
1442 1731 1551 1767 diuisa,
1563 1731 1636 1760 inde

226 1782 327 1811 esn'ens
342 1781 495 1819 particula
509 1781 540 1810 in
556 1781 770 1819 quarternario
785 1791 914 1810 numero
929 1781 1062 1810 finietur.

266 1831 426 1869 Expositio
442 1831 512 1860 talis
528 1835 584 1867 est,
600 1835 636 1860 vt
651 1841 746 1860 vnam
761 1835 892 1869 partem,
908 1841 973 1860 rem
989 1831 1177 1867 constituas;
1204 1835 1300 1869 atque
1315 1831 1455 1867 alteram,
1475 1841 1509 1859 10
1525 1830 1589 1860 sine
1604 1840 1636 1860 re

225 1891 390 1919 proponas,
407 1880 518 1910 deinde
536 1891 571 1909 10
586 1881 650 1910 sine
666 1891 697 1910 re
712 1880 743 1910 in
759 1891 822 1910 rem
838 1880 969 1917 diuidas,
986 1885 1017 1910 et
1033 1885 1144 1910 exeunt
1159 1891 1187 1916 4.
1230 1881 1299 1910 Iam
1315 1885 1420 1910 autem
1436 1880 1635 1910 manifestum

186 1948 216 1967 ³0
226 1935 282 1966 est,
299 1930 323 1959 si
339 1930 371 1960 id
387 1930 471 1968 quod
488 1940 523 1960 ex
539 1930 642 1968 aliquo
659 1930 758 1960 diuiso
775 1930 890 1966 exierit,
908 1940 978 1960 cum
994 1940 1030 1959 eo
1045 1930 1076 1959 in
1093 1930 1176 1968 quod
1192 1930 1294 1968 ipsum
1310 1930 1471 1966 diuiditur,
1488 1930 1636 1968 multipli-

1000 2022 1033 2043 18.
1051 2028 1064 2047 9
1082 2025 1161 2048 partes
1180 2028 1207 2043 ex
1229 2020 1262 2047 (et
1280 2021 1313 2046 D)
1335 2027 1361 2047 ²5
1383 2028 1428 2047 que
1448 2021 1493 2047 (4-
1512 2027 1636 2042 numerum

267 2029 285 2042 1.
303 2020 467 2043 similitudines
485 2020 695 2048 multiplicationis.
758 2021 781 2043 in
800 2020 899 2043 alteram

229 2060 253 2083 -ἦ-
265 2061 287 2080 et
300 2061 376 2080 erunt,

266 2103 285 2117 2⁴
303 2102 327 2117 re
339 2096 363 2120 -l-
375 2094 512 2122 multiplica.
575 2095 685 2117 deducas.

265 2140 285 2158 3-
304 2132 350 2154 fiet.
413 2140 427 2158 4
439 2133 463 2156 -l-
475 2134 513 2158 4⁰¹¹
525 2132 555 2154 D.
618 2131 740 2159 coequales
752 2132 779 2154 V.

265 2177 285 2196 4.
303 2169 374 2196 igitur
386 2170 410 2194 -Ι-
422 2169 459 2191 vel
488 2169 578 2196 comple
607 2169 634 2191 C.
697 2173 720 2191 et
749 2176 818 2196 super
846 2169 900 2191 sub-

226 2207 347 2233 stantiam,
365 2206 511 2228 substantias
528 2207 574 2232 (res
589 2206 622 2232 D)
640 2206 734 2232 adicias,
752 2206 856 2233 fientque
871 2213 900 2233 40

226 2252 262 2266 res
274 2251 284 2270 5
297 2244 450 2266 substantias.

266 2283 286 2303 o.
304 2285 326 2303 et
340 2281 397 2308 ipsa.
460 2281 544 2303 deinde
556 2289 598 2303 om.
662 2282 675 2303 8
688 2284 727 2307 pro
740 2280 827 2303 scilicet
839 2280 866 2302 V.

266 2320 286 2341 8.
304 2319 406 2341 ternario
418 2319 448 2340 D.
511 2319 574 2340 Nam
586 2322 609 2340 et
623 2320 675 2344 (om.
688 2318 721 2344 D)
735 2318 789 2340 duo.

265 2364 286 2382 9.
304 2355 420 2378 obtinebit
448 2356 474 2378 C.
537 2355 567 2377 ad
594 2363 667 2377 unum
694 2355 851 2382 capitulorum
877 2358 901 2377 te

227 2393 335 2420 perduxit
344 2393 367 2415 in
375 2401 422 2420 quo
430 2393 537 2419 diximus
548 2393 687 2415 Substantia
695 2393 784 2415 radices
792 2396 900 2419 coequat.

268 2438 346 2457 13-15.
365 2431 471 2457 ducatur,
487 2438 597 2453 numerus
611 2430 652 2458 qui
665 2438 692 2452 ex
707 2429 901 2456 multiplicatione

227 2468 353 2490 excreuerit
370 2468 507 2493 (decreuerit
522 2468 554 2494 D)
570 2468 651 2490 similis
664 2468 694 2490 sit
709 2475 806 2489 numero
819 2467 858 2494 qui
873 2474 901 2489 ex

227 2505 423 2532 multiplicatione
439 2505 508 2527 unius
521 2505 643 2527 diuisionis
659 2505 682 2527 in
699 2504 849 2531 semetipsam
865 2504 901 2526 bis

227 2542 328 2564 deducte
341 2542 377 2568 (4-
389 2542 480 2564 tollitur
490 2543 523 2568 D)
536 2542 567 2564 vii
579 2542 676 2564 nouenis
687 2541 851 2569 superadditis.

269 2581 302 2601 16.
320 2579 445 2606 semetipso
456 2580 483 2601 V.
546 2587 601 2606 -que
612 2587 654 2601 om.

269 2623 302 2643 17.
320 2624 431 2639 nouenas.
475 2620 621 2644 coequantur
638 2616 668 2638 D.
713 2615 898 2642 Haec÷igitur.

960 2058 1002 2079 Di.

1000 2103 1034 2121 19.
1052 2097 1091 2121 4⁰¹¹
1108 2095 1144 2121 5¹²
1160 2095 1264 2122 quintas<
1328 2095 1457 2120 continent,
1472 2098 1495 2116 et
1511 2098 1636 2117 centenum

960 2139 1083 2154 numerum
1094 2132 1124 2154 ad
1136 2132 1185 2154 eius
1196 2132 1304 2159 quintam
1315 2132 1348 2158 V;
1368 2139 1411 2154 om.
1424 2132 1454 2153 D.

1000 2177 1079 2191 20-22.
1098 2169 1174 2191 Radix
1187 2169 1259 2196 igitur
1271 2169 1340 2191 huius
1354 2169 1406 2195 (om.
1421 2169 1453 2194 D)
1468 2169 1600 2191 substantie
1613 2169 1636 2191 id

960 2210 995 2229 est
1022 2208 1035 2228 6
1061 2214 1135 2229 unum
1162 2207 1253 2228 numeri
1282 2214 1309 2228 10
1335 2206 1474 2228 diuisionem
1499 2206 1636 2228 ostendunt.

960 2243 1040 2266 Altera
1051 2251 1106 2266 uero
1116 2244 1165 2266 eius
1175 2244 1259 2266 diuisio
1270 2244 1294 2266 in
1305 2242 1357 2271 4¹4⁰.

1000 2289 1079 2308 22—24.
1098 2281 1175 2308 Igitur
1187 2281 1229 2303 hec
1241 2281 1333 2308 questio
1348 2288 1395 2308 quo
1406 2281 1436 2303 ad
1452 2288 1525 2310 unum
1536 2280 1559 2302 vi
1575 2280 1636 2307 capi-

961 2318 1065 2340 tulorum
1076 2326 1151 2345 usque
1164 2318 1273 2345 perduxit
1288 2318 1311 2340 in
1324 2325 1370 2345 quo
1382 2318 1490 2344 diximus,
1503 2317 1636 2340 substantia

961 2356 1050 2377 numeri
1062 2360 1161 2383 coequat
1172 2356 1208 2382 D;
1227 2364 1270 2378 om.
1281 2356 1309 2378 V.

1001 2394 1035 2414 26.
1053 2397 1075 2414 et
1088 2393 1153 2415 eiuus
1167 2393 1203 2419 (?)
1218 2401 1265 2415 una
1277 2393 1308 2415 D.
1371 2401 1385 2419 4
1397 2392 1507 2415 eueniant
1520 2392 1553 2418 V:
1575 2392 1637 2414 Vna-

961 2437 1055 2456 quoque
1075 2430 1192 2457 particula
1212 2430 1236 2452 in
1256 2430 1358 2452 ternario
1378 2437 1476 2452 nurnero
1497 2429 1592 2451 finiatur
1612 2429 1634 2451 D

960 2471 1001 2494 pro
1012 2467 1066 2489 inde
1078 2485 1083 2489 .
1102 2485 1106 2489 .
1126 2485 1130 2489 .
1143 2467 1243 2490 finietur.

1000 2512 1034 2531 ²9-
1052 2512 1106 2531 ergo
1131 2508 1171 2531 pro
1195 2504 1285 2527 deinde.

960 2541 1017 2564 fiant
1029 2549 1050 2568 4.
1084 2542 1114 2563 Et
1126 2542 1180 2564 iam.

997 2586 1033 2605 30.
1051 2586 1123 2606 quam
1135 2582 1174 2605 pro
1186 2578 1212 2600 si.

959 2619 1026 2638 catur
1037 2615 1065 2637 V.

1348 2511 1417 2531 super
1441 2511 1490 2526 rem
1510 2503 1590 2526 diuide
1610 2506 1637 2526 ut

1243 2545 1323 2564 autem
1339 2549 1381 2563 nm.

1274 2578 1354 2600 exierit
1367 2579 1392 2604 -ἕ-
1403 2578 1422 2600 si
1433 2578 1461 2600 V.
1523 2577 1637 2604 multipli-
