1780 2995
278 280 335 301 122
612 273 732 300 LIBER
757 272 969 300 ALGEBRAE
995 273 1046 300 ET
1073 273 1341 300 ALMUCABOLA

250 373 261 388 1
272 363 357 392 Talis
371 363 464 401 igitur
477 364 517 393 ad
530 363 610 393 hanc
623 369 722 394 artem
735 364 839 401 regula
852 364 954 401 datur,
968 369 1004 393 vt
1018 364 1048 393 in
1061 364 1144 393 omni
1158 364 1248 394 huius
1262 364 1459 402 inquisitione
1473 368 1533 394 tres
1547 364 1675 401 numeri,

272 413 325 452 qui
345 413 411 442 noti
430 423 466 443 ac
482 414 556 443 certi
575 414 668 452 positi
688 418 770 451 sunt,
787 414 1029 451 considerantur,
1046 414 1192 453 quoniam
1209 424 1313 443 eorum
1333 414 1394 443 duo
1410 424 1529 452 semper
1547 414 1627 444 inter
1645 424 1676 444 se

272 463 407 501 oppositi
431 463 640 493 inueniuntur.
683 464 804 493 Horum
826 464 919 501 igitur
941 464 1071 493 duorum
1098 474 1177 493 vnus
1201 474 1271 493 cum
1294 463 1390 493 altero
1414 464 1675 502 multiplicandus,

272 517 367 551 atque
394 513 659 551 multiplicationis
685 513 872 552 productum
898 514 929 543 in
956 518 1065 543 notum
1092 514 1218 543 tertium
1245 523 1280 543 ac
1306 518 1424 542 certum
1450 514 1596 551 positum,
1624 514 1676 552 qui

249 573 261 594 5
272 562 377 600 ignoto
393 563 571 601 opponitur,
588 563 790 593 diuidendum
805 563 872 593 erit.
915 564 998 593 Nam
1014 563 1097 602 quod
1113 574 1148 593 ex
1163 563 1313 593 diuisione
1328 563 1443 600 exierit,
1460 563 1517 592 erit
1532 574 1677 593 numerus

272 612 309 641 de
325 622 386 651 quo
402 612 575 649 dubitatur,
592 618 622 643 et
638 613 703 651 ipse
719 613 745 643 ei
762 623 888 643 numero
904 613 1072 652 opponitur
1087 613 1117 642 in
1134 623 1225 652 quem
1241 613 1325 643 facta
1341 618 1386 643 est
1402 613 1522 643 diuisio.
1565 613 1624 643 Sed
1640 624 1677 643 ne

272 661 352 691 hanc
368 667 467 692 artem
483 663 593 702 aliquis
610 673 691 693 error
706 663 858 693 incurrere
873 663 1049 700 arbitretur,
1067 663 1128 693 tale
1143 663 1253 692 damus
1269 663 1451 701 exemplum.

828 755 872 783 De
887 755 984 792 primo
1000 754 1083 784 modo

311 828 427 858 Decem
442 839 498 867 pro
514 839 574 865 sex,
590 833 667 867 quot
682 839 738 866 pro
753 829 911 867 quatuor?

233 890 260 905 10
310 878 388 907 Vide
404 888 495 915 nunc,
513 889 575 917 quo
592 878 694 915 modo,
712 888 767 916 pro
785 888 819 907 eo
837 883 872 907 vt
889 878 1030 914 diximus,
1048 877 1181 916 praefati
1198 878 1316 908 numeri
1334 878 1550 916 disponuntur.
1593 878 1676 908 Nam

271 928 396 966 quando
420 938 454 957 10
473 928 586 964 dixisti,
607 938 768 957 numerum
787 928 974 957 Almuzahar
992 928 1221 966 pronunciasti;
1252 932 1282 957 et
1303 928 1427 966 quando
1447 938 1502 966 pro
1524 930 1541 957 6
1561 928 1675 964 dixisti,

271 977 394 1007 Alszian
409 978 584 1016 protulisti;
611 983 642 1007 et
658 978 783 1016 quando
799 982 875 1016 quot
891 978 1005 1014 dixisti,
1022 988 1184 1007 numerum
1200 977 1353 1007 Almuhen
1369 978 1433 1007 siue
1449 978 1566 1016 Magol,
1582 978 1614 1007 id
1629 982 1676 1007 est

270 1027 421 1065 ignotum,
440 1028 668 1066 pronunciasti3
705 1032 736 1057 et
761 1028 885 1066 quando
910 1038 966 1066 pro
988 1038 1007 1064 4
1032 1027 1145 1064 dixisti,
1164 1038 1326 1057 numerum
1345 1027 1514 1057 Alchemon
1539 1027 1674 1057 edidisti.

270 1077 362 1106 Vides
379 1077 472 1115 igitur
489 1077 572 1116 quod
589 1088 694 1107 eorum
712 1082 782 1114 tres,
800 1077 832 1107 id
848 1082 894 1107 est
914 1088 959 1114 10,
977 1079 994 1107 6
1014 1082 1045 1107 et
1061 1088 1089 1114 4,
1107 1077 1173 1107 noti
1190 1082 1220 1107 et
1238 1077 1312 1107 certi
1329 1077 1400 1113 sint,
1418 1077 1456 1107 de
1475 1082 1586 1116 quarto
1603 1077 1676 1107 vero

233 1139 257 1160 ¹5
270 1127 371 1156 adhuc
390 1127 505 1165 ignoto,
526 1128 695 1157 dubitetur.
739 1127 769 1157 Si
788 1127 881 1165 igitur
900 1127 940 1157 ad
959 1128 1094 1165 regulam
1113 1128 1197 1166 prius
1217 1127 1324 1157 datam
1344 1127 1520 1165 respexeris,
1540 1127 1675 1165 primum

270 1187 340 1206 cum
350 1177 509 1214 vltimo,id
521 1182 566 1207 est
580 1188 615 1207 10
625 1187 695 1207 cum
707 1177 972 1215 4,multiplicabis‚
981 1182 1053 1207 sunt
1063 1177 1177 1207 etenim
1188 1177 1323 1215 oppositi
1334 1177 1462 1214 numeri,
1475 1177 1540 1206 noti
1551 1187 1675 1216 quoque

270 1237 305 1256 ac
326 1227 411 1264 certi,
433 1232 463 1256 et
484 1227 568 1266 quod
588 1238 624 1257 ex
644 1227 901 1265 multiplicatione
922 1227 1097 1264 excreuerit,
1119 1227 1150 1256 id
1171 1232 1217 1257 est
1237 1238 1285 1263 40,
1306 1227 1337 1256 in
1358 1227 1490 1257 alterum
1511 1237 1673 1257 numerum

270 1281 380 1306 notum
396 1287 432 1306 ac
447 1282 575 1314 certum,
592 1277 645 1316 qui
661 1282 707 1306 est
722 1277 873 1313 Alszarar,
890 1277 921 1306 id
937 1282 983 1306 est
1001 1277 1032 1306 in
1051 1279 1068 1307 6
1087 1282 1209 1315 oportet
1229 1277 1375 1313 diuidere,
1392 1282 1423 1307 et
1441 1282 1554 1307 exeunt
1572 1279 1589 1307 6
1608 1282 1638 1307 et
1656 1275 1674 1314 g.

270 1327 369 1363 vnius,
396 1337 558 1356 numerum
584 1327 725 1365 ignotum
751 1327 955 1365 designantes.
999 1328 1040 1357 Et
1066 1327 1115 1356 hic
1141 1337 1286 1357 numerus
1312 1337 1440 1357 numero
1465 1327 1594 1364 senario,
1621 1327 1673 1366 qui

230 1389 259 1404 20
269 1377 400 1406 Arabice
413 1377 554 1407 Alszarar
567 1377 755 1414 nominatur,
770 1382 816 1407 est
830 1377 1001 1415 oppositus.

828 1469 873 1498 De
887 1469 1012 1498 secundo
1028 1469 1111 1498 modo

310 1543 467 1574 Secundus
481 1543 590 1573 modus
604 1543 694 1573 huius
707 1543 782 1573 artis
796 1548 852 1580 est,
867 1548 902 1573 vt
916 1543 1009 1579 dicas,
1024 1543 1128 1573 decem
1142 1553 1197 1581 pro
1212 1545 1239 1580 8,
1253 1553 1308 1581 pro
1322 1547 1399 1582 quot
1412 1547 1547 1582 quatuor
1557 1544 1571 1572 ?

309 1594 425 1622 Decem
441 1593 535 1631 igitur
550 1598 623 1623 sunt
639 1593 835 1630 Almuzahar,
852 1593 905 1632 qui
921 1593 1063 1623 videlicet
1080 1603 1206 1623 numero
1223 1593 1376 1622 Almuhen
1392 1593 1507 1631 ignoto,
1525 1603 1595 1622 cum
1611 1603 1673 1631 quo

269 1648 423 1682 quantum
440 1643 619 1681 acquiritur,
637 1648 683 1672 est
700 1643 871 1681 oppositus,
889 1648 919 1672 et
937 1645 954 1673 8
971 1643 1111 1681 designat
1129 1653 1291 1673 numerum
1308 1643 1459 1680 Alszarar,
1476 1643 1529 1682 qui
1546 1653 1673 1673 numero

231 1706 257 1727 25
269 1693 448 1729 Alchemon,
467 1693 520 1731 qui
538 1697 609 1722 sunt
628 1703 646 1729 4
664 1693 841 1731 opponitur.
884 1694 987 1723 Vnum
1005 1693 1098 1731 igitur
1115 1693 1247 1723 duorum
1265 1703 1462 1723 numerorum
1480 1693 1673 1731 cognitorum

269 1747 364 1781 atque
375 1743 589 1781 oppositorum
600 1753 670 1772 cum
682 1743 778 1772 altero
790 1743 971 1781 multiplica,
984 1743 1015 1773 id
1027 1748 1072 1773 est
1084 1754 1102 1780 4
1114 1753 1184 1773 cum
1196 1745 1223 1780 8,
1235 1748 1265 1773 et
1277 1743 1486 1782 producentur
1498 1754 1544 1781 32-
1586 1744 1673 1773 Haec

269 1803 339 1831 ergo
357 1803 392 1830 32
411 1792 441 1822 in
459 1792 586 1822 tertium
607 1793 764 1831 cognitum
786 1804 947 1823 numerum
968 1804 1011 1829 10,
1030 1793 1083 1832 qui
1104 1798 1149 1823 est
1167 1793 1363 1830 Almuzahar‚
1381 1793 1494 1829 diuide,
1513 1798 1543 1822 et
1560 1797 1672 1823 exeunt

269 1842 318 1880 fi,
338 1842 390 1881 qui
410 1852 572 1872 numerum
591 1843 759 1872 Alchemon
779 1843 951 1881 designant,
971 1843 1085 1882 quique
1104 1843 1131 1873 ei
1150 1853 1276 1873 numero
1296 1843 1327 1872 in
1346 1853 1438 1882 quem
1457 1843 1607 1873 diuiditur
1626 1847 1672 1873 est

269 1892 441 1930 oppositus.

995 1974 1095 2001 cognito,
1111 1974 1242 1997 dubitatur.

1042 2013 1075 2033 16.
1093 2012 1188 2034 omnino
1224 2015 1264 2038 pro
1289 2010 1383 2034 'etenim
1408 2011 1440 2034 D.

995 2056 1088 2076 quoque
1100 2056 1142 2071 om.
1156 2049 1186 2070 D.

1043 2093 1076 2112 17.
1093 2093 1133 2113 per
1143 2086 1242 2108 alterurn
1255 2086 1336 2113 (alium
1346 2086 1389 2112 D).
1451 2093 1576 2109 numerum
1585 2093 1628 2109 om.
1638 2086 1671 2108 D.

1042 2124 1075 2145 18.
1093 2131 1140 2150 per.
1205 2128 1273 2146 erunt
1287 2123 1324 2149 (ἦ-
1336 2130 1347 2150 7
1359 2123 1408 2145 siue
1420 2123 1462 2150 D).

316 1981 334 1996 1.
352 1981 446 2000 quoque
458 1977 498 2000 pro
510 1973 587 2000 igitur.
651 1973 694 1996 hac
707 1974 737 1996 D.

316 2018 334 2033 2.
352 2014 414 2032 certe
429 2011 456 2033 V.
519 2018 613 2038 quoque
628 2015 667 2038 pro
682 2011 794 2038 quoniam
809 2011 840 2034 D.
903 2011 943 2034 ad-

268 2048 368 2070 inuicem
380 2051 419 2074 pm
430 2048 490 2070 inter
501 2055 532 2070 se.

314 2093 334 2111 3.
352 2085 507 2107 inuenientur.

313 2131 334 2149 4.
352 2126 375 2145 et
399 2130 479 2144 eorum
503 2126 542 2149 pro
567 2127 645 2150 atque.
709 2130 756 2150 per.

1502 2011 1591 2034 numeri
1627 2019 1671 2034 om.

571 2093 631 2107 unus
641 2089 691 2112 est;
711 2085 780 2108 unius
792 2086 819 2108 C.

819 2127 891 2151 atque
914 2123 942 2145 V.

268 2163 330 2182 certe
342 2160 372 2181 D.

314 2204 334 2224 5.
352 2197 479 2219 diuidenda
491 2197 523 2222 V:
545 2197 686 2220 diuidendus
698 2198 729 2220 D.

313 2236 334 2256 6.
352 2234 514 2257 dubitabatur.
577 2242 625 2261 per.

314 2278 334 2298 7.
352 2279 459 2293 errorem.

314 2310 334 2330 8,
354 2309 454 2330 Titulum
467 2316 509 2330 om.
542 2312 561 2331 et
571 2309 603 2331 sic
614 2309 683 2336 infra.

313 2353 334 2372 9.
353 2346 485 2368 Secundum
504 2353 558 2373 ergo
576 2346 679 2373 primum
697 2346 801 2373 modum,
821 2346 853 2369 sic
871 2346 941 2373 dicas,

270 2390 297 2405 10
306 2390 348 2410 pro
359 2385 379 2407 6.
391 2387 448 2410 quot
461 2390 502 2410 pro
513 2384 544 2410 4?

315 2428 349 2442 10.
367 2420 494 2442 secundum
507 2420 570 2447 quod
582 2421 690 2443 diximus.

315 2465 348 2479 11.
366 2458 477 2484 quoniam
490 2461 529 2484 pm
541 2458 644 2485 quando.

315 2502 349 2516 12.
367 2495 478 2517 Alszaran
491 2495 518 2517 C.
583 2495 665 2522 Mag-ul
678 2496 711 2522 V:
732 2495 857 2523 Magulum
869 2496 900 2518 D.

315 2539 348 2557 13.
366 2532 490 2554 nunciasti.
553 2533 708 2556 Almuhemen
720 2533 747 2556 C.

315 2576 349 2595 14.
367 2569 467 2595 qualiter
494 2573 533 2596 pro
561 2570 631 2597 quod.
697 2578 723 2593 10
739 2574 793 2595 ÷et
821 2571 852 2593 D.
915 2578 942 2593 ac

268 2606 325 2628 certi
342 2610 463 2632 ponuntur
481 2611 503 2629 et
521 2607 640 2634 quomodo
657 2607 686 2630 de
703 2612 795 2635 quarto,
814 2607 891 2630 adhuc
908 2608 941 2630 in-

1042 2168 1076 2187 19.
1093 2161 1183 2183 numer-i
1203 2161 1255 2187 (om.
1275 2161 1308 2186 D)
1328 2161 1430 2188 almagul
1450 2160 1576 2188 (maghulis
1594 2160 1627 2187 D)
1647 2161 1670 2183 id

995 2201 1029 2220 est
1041 2198 1194 2224 incognitum.
1259 2199 1289 2220 Et
1301 2198 1370 2220 huius
1383 2198 1421 2223 (4-
1431 2198 1505 2220 -modi
1518 2198 1560 2224 D).

1042 2242 1076 2262 23.
1093 2235 1242 2257 Almuszarar
1258 2235 1285 2258 C.
1348 2235 1456 2258 videlicet
1471 2243 1514 2258 om.
1529 2236 1560 2258 D.
1623 2243 1670 2262 quo

994 2280 1037 2294 om.

1042 2317 1076 2337 24.
1094 2310 1219 2337 inquiritur
1230 2310 1258 2332 V.

1041 2354 1075 2373 25-
1094 2347 1198 2369 Primum
1210 2347 1241 2369 D.
1304 2347 1404 2369 duorum
1415 2354 1457 2369 om.
1470 2347 1501 2369 D.

1041 2386 1075 2406 26.
1092 2384 1115 2406 in
1138 2384 1238 2406 alterum
1262 2384 1343 2411 (alium
1366 2385 1408 2409 D).
1472 2384 1535 2407 fient.
1599 2384 1669 2406 Hunc

994 2429 1047 2448 ergo
1064 2429 1188 2444 numerum
1206 2429 1246 2448 per
1263 2421 1363 2444 alterum
1383 2421 1464 2448 (alium
1482 2422 1515 2448 D)
1535 2421 1668 2449 cognitum:

994 2459 1064 2481 Hunc
1076 2459 1095 2481 C
1108 2459 1144 2481 sed
1156 2459 1197 2481 del.

1041 2503 1074 2523 27.
1092 2496 1235 2519 Almuzahar
1251 2496 1306 2521 ÷id
1335 2500 1370 2519 est
1398 2504 1425 2523 32
1455 2503 1496 2523 per
1526 2504 1553 2518 10
1581 2495 1667 2518 diuide.

994 2533 1142 2556 Almuszarar
1154 2534 1180 2556 C.
1244 2538 1312 2556 erunt
1324 2534 1357 2559 V;
1377 2533 1466 2556 exeund
1477 2534 1508 2556 D.

1040 2572 1074 2593 28.
1092 2571 1132 2598 qui
1169 2578 1212 2593 om.
1275 2571 1372 2593 numeri.
1435 2571 1590 2598 designantes,
1629 2571 1668 2598 qui

993 2608 1099 2630 videlicet
1112 2616 1139 2631 eo
1151 2615 1247 2631 numero
1259 2615 1299 2635 per
1310 2615 1387 2635 quem.
1450 2612 1485 2631 est
1496 2615 1539 2630 om.
1551 2608 1583 2630 D.
