1780 2995
238 251 296 282 118
566 251 686 278 LIBER
712 251 922 279 ALGEBRAE
950 251 1001 278 ET
1027 250 1299 279 ALMUCABOLA

212 359 220 374 1
771 343 910 381 Quaestio
924 343 1100 373 duodecima

273 411 463 441 Drachmam
479 415 509 440 et
525 410 661 440 medium
673 410 717 439 ita
732 410 763 439 in
778 410 839 439 duo
852 410 967 446 diuido,
981 415 1016 439 vt
1032 410 1129 439 maior
1144 419 1215 448 pars
1228 409 1341 448 duplex
1356 409 1465 439 minori
1477 409 1638 439 habeatur.

273 461 433 499 Expositio
448 460 538 490 huius
553 465 609 497 est,
626 464 661 489 vt
676 460 823 489 maiorem
837 464 959 498 partem
974 460 1014 489 ad
1030 460 1181 489 minorem
1196 470 1293 489 vnum
1308 464 1339 489 et
1354 469 1418 489 rem
1434 459 1639 496 constituam;

233 511 314 540 vnde
325 511 419 540 etiam
429 510 530 540 dicam
540 510 719 539 drachmam
728 514 758 539 et
769 510 930 539 dimidium
940 519 1031 548 super
1040 509 1218 539 drachmam
1229 514 1259 539 et
1270 519 1333 539 rem
1344 509 1453 545 diuisa,
1464 514 1494 538 et
1505 509 1584 538 duae
1593 519 1640 538 res

210 571 221 591 5
233 561 412 590 drachmam
432 560 637 590 constituunt.
680 560 768 589 Duas
787 559 881 597 igitur
900 569 946 589 res
966 569 1038 589 cum
1060 559 1207 589 drachma
1227 564 1257 588 et
1276 569 1308 588 re
1327 559 1507 597 multiplico,
1527 559 1640 597 produ-

233 615 345 640 cuntur
360 615 466 640 autem
481 610 561 639 duae
576 609 769 639 substantiae
785 614 815 639 et
832 609 911 638 duae
928 619 984 645 res,
1003 609 1183 638 drachmam
1198 614 1228 638 et
1245 608 1407 638 dimidium
1423 613 1638 647 coaequantes.

234 661 294 690 Eas
311 660 404 698 igitur
421 660 461 689 ad
478 670 572 689 Vnam
590 664 736 689 conuerto
753 659 973 695 substantiam,
992 659 1049 688 hoc
1067 663 1123 695 est,
1141 663 1177 688 vt
1195 669 1230 688 ex
1247 658 1330 688 omni
1348 668 1379 688 re
1396 668 1484 688 suam
1500 657 1640 688 auferam

233 710 442 740 medietatem.
485 709 564 739 Dico
590 719 669 747 ergo,
695 708 871 738 substantia
896 713 927 738 et
952 719 998 738 res
1025 713 1085 738 tres
1111 713 1242 747 quartas
1267 708 1432 738 drachmae
1457 711 1639 746 coaequant.

233 760 367 798 Operare
383 769 465 789 nunc
480 769 551 789 cum
566 759 612 788 his
629 758 892 797 quemadmodum
909 758 965 787 tibi
981 758 1043 787 iam
1059 758 1201 788 diximus.

195 848 223 863 10
751 833 890 871 Quaestio
904 833 1017 862 decima
1032 833 1117 862 tertia

273 901 488 931 Substantiam
504 910 574 930 cum
591 899 654 929 eius
671 899 791 929 duabus
808 899 907 928 tertiis
924 899 1105 937 multiplico,
1123 903 1154 928 et
1171 899 1252 928 fiunt
1268 899 1413 938 quinque.

273 951 432 989 Expositio
451 950 520 980 talis
538 954 594 986 est,
613 954 648 978 vt
665 959 729 978 rem
746 959 816 978 cum
833 949 953 978 duabus
972 949 1070 978 tertiis
1087 949 1129 978 rei
1147 949 1360 987 multiplicem,
1379 953 1410 978 et
1426 948 1640 987 producuntur

233 1000 312 1030 duae
328 1000 438 1030 tertiae
453 999 646 1029 substantiae
665 999 801 1037 quinque
817 998 1029 1037 coaequantia.
1073 998 1203 1036 Comple
1219 999 1312 1036 igitur
1327 996 1344 1035 Ξ
1360 998 1554 1028 substantiae
1570 1008 1641 1027 cum

233 1050 432 1080 similitudine
450 1060 555 1079 earum
574 1049 743 1085 medietati,
762 1053 793 1078 et
810 1049 913 1078 veniet
931 1048 1116 1078 substantia.
1161 1048 1307 1078 Similiter
1325 1048 1443 1086 comple
1462 1057 1477 1086 5
1497 1058 1567 1077 cum
1584 1058 1640 1077 sua

195 1110 220 1131 15
233 1101 409 1136 medietate,
426 1104 457 1129 et
473 1099 601 1129 habebis
619 1097 653 1137 7}
670 1109 749 1137 quae
765 1098 974 1128 substantiam
990 1103 1175 1137 coaequant.
1218 1099 1324 1136 Ipsam
1339 1098 1432 1136 igitur
1448 1097 1641 1127 substantiae

233 1150 366 1180 radicem
382 1160 461 1189 quae
477 1159 547 1179 curn
562 1149 624 1179 suis
640 1148 760 1178 duabus
779 1148 877 1178 tertiis
894 1148 1101 1186 multiplicata
1118 1148 1294 1187 quinarium
1310 1158 1471 1178 numerum
1486 1147 1639 1186 producit.

742 1224 881 1261 Quaestio
896 1223 1008 1252 decima
1023 1227 1128 1261 quarta

272 1301 358 1330 Inter
376 1299 494 1338 puellas
513 1298 693 1328 drachmam
712 1298 754 1327 sic
773 1298 888 1335 diuido,
909 1302 943 1327 vt
963 1297 1128 1336 vnicuique
1147 1307 1253 1327 earum
1272 1297 1408 1336 aequalis
1427 1297 1579 1335 particula
1598 1295 1641 1326 rei

233 1351 411 1388 contingat;
442 1349 554 1388 quibus
573 1348 667 1378 etiam
686 1348 710 1377 si
729 1358 823 1377 vnam
842 1348 966 1386 insuper
983 1348 1118 1386 puellam
1137 1347 1316 1384 adhibuero,
1336 1347 1393 1376 illis
1412 1347 1554 1376 omnibus
1572 1356 1641 1385 par-

195 1414 222 1429 20
234 1401 328 1430 ticula
343 1400 462 1438 primae
477 1398 648 1437 particulae
665 1398 766 1427 minus
782 1408 844 1427 vna
860 1402 946 1427 sexta
962 1397 1099 1436 aequalis
1115 1397 1276 1435 contingit.

273 1450 433 1488 Expositio
458 1449 549 1478 huius
573 1452 630 1485 est,
655 1452 690 1477 vt
714 1448 796 1486 ipsas
821 1447 938 1485 puellas
963 1457 1033 1476 cum
1058 1447 1190 1476 minutia
1214 1447 1384 1485 particulae
1409 1457 1470 1485 qua
1494 1446 1640 1476 differunt

233 1500 445 1538 multiplicem,
467 1503 576 1537 postea
598 1497 682 1536 quod
704 1508 739 1527 ex
761 1497 1018 1535 multiplicatione
1040 1497 1208 1526 excreuerit
1230 1507 1300 1526 cum
1321 1507 1448 1526 numero
1469 1496 1641 1534 puellarum

233 1555 459 1589 postremarum
475 1548 678 1586 multiplicem
693 1552 788 1586 atque
804 1547 931 1576 tandem
945 1547 1133 1585 productum
1148 1547 1206 1576 hoc
1222 1547 1254 1576 in
1269 1546 1301 1576 id
1317 1557 1378 1585 quo
1392 1546 1512 1585 puellae
1526 1546 1641 1584 priores

233 1611 251 1629 a
277 1599 497 1638 posterioribus
523 1598 680 1634 differunt,
707 1597 856 1633 diuidam,
884 1601 914 1626 et
941 1597 1146 1635 complebitur
1173 1597 1359 1626 substantia.
1402 1596 1522 1625 Puellas
1547 1595 1641 1633 igitur

195 1662 220 1682 25
233 1650 357 1688 priores,
372 1659 467 1678 vnam
481 1658 545 1678 rem
559 1648 685 1684 scilicet,
700 1657 771 1676 cum
785 1651 880 1683 sexta,
896 1656 976 1685 quae
989 1651 1035 1676 est
1049 1647 1129 1676 inter
1144 1657 1204 1683 eas,
1220 1646 1401 1684 multiplico,
1417 1651 1447 1675 et
1460 1645 1642 1684 producitur

234 1699 250 1737 -ὲ-
270 1700 322 1729 rei.
365 1698 486 1728 Deinde
505 1697 677 1735 multiplico
697 1707 765 1726 eam
785 1707 855 1726 cum
875 1707 1002 1726 numero
1021 1697 1194 1735 puellarum
1213 1701 1450 1735 postremarum,
1470 1705 1550 1734 quae
1568 1699 1641 1725 sunt

234 1760 280 1779 res
301 1754 332 1779 et
353 1759 460 1785 vnum,
482 1753 513 1778 et
534 1747 715 1786 producitur
736 1751 822 1776 sexta
843 1746 1038 1776 substantiae
1059 1751 1089 1776 et
1111 1751 1197 1776 sexta
1218 1747 1260 1776 rei
1281 1746 1312 1776 in
1331 1746 1510 1776 drachmam
1531 1745 1640 1783 diuisa,

234 1799 399 1829 drachmae
412 1798 558 1836 aequalis.
603 1796 818 1827 Substantiam
831 1796 925 1834 igitur
938 1797 1087 1834 compleo,
1101 1796 1133 1826 id
1147 1801 1203 1833 est,
1217 1796 1425 1826 substantiam
1439 1806 1510 1826 cum
1522 1796 1641 1826 senan'o

234 1859 361 1879 numero
374 1848 555 1886 multiplico,
569 1852 599 1876 et
612 1847 654 1876 sic
667 1846 877 1876 substantiam
890 1850 920 1875 et
937 1846 1072 1876 radicem
1089 1846 1219 1876 habebo.
1262 1846 1452 1875 Drachmam
1465 1846 1559 1875 etiam
1571 1856 1641 1875 cum

195 1914 223 1933 30
234 1910 285 1929 sex
298 1898 452 1928 drachmis
466 1897 649 1935 multiplico,
663 1901 694 1926 et
707 1896 832 1926 venient
845 1895 1020 1926 substantia
1033 1900 1063 1925 et
1076 1896 1172 1933 radix,
1187 1906 1237 1926 sex
1250 1895 1411 1925 drachmas
1425 1900 1639 1934 coaequantes.

281 1972 300 1986 2.
318 1971 358 1990 per
371 1971 380 1985 z
392 1963 425 1989 V;
446 1963 469 1985 in
480 1962 527 1984 duo
537 1961 676 1988 inequaliter
688 1961 718 1982 D.
1012 1961 1045 1982 18.
1063 1968 1136 1982 unum
1151 1961 1255 1987 dragma.
1318 1960 1506 1987 uniuscuiusque.

279 2009 300 2028 3.
318 2001 449 2023 constituas
461 2000 489 2022 V.
1013 2005 1046 2023 19-
1064 1998 1159 2024 insuper
1169 2005 1212 2020 om.
1275 1997 1319 2019 His
1329 2001 1369 2024 pro
1379 1997 1423 2019 illis
1434 1998 1466 2019 D.

279 2047 300 2066 4.
318 2042 340 2060 et
352 2042 391 2064 pro
402 2037 481 2060 etiam.
544 2035 612 2058 diuisi
624 2036 656 2061 V;
676 2035 778 2057 diuisum
789 2035 820 2056 D.
1012 2042 1046 2057 20.
1064 2035 1141 2057 minus
1155 2039 1220 2057 sexta
1235 2035 1317 2057 tocius.
1381 2035 1509 2061 contingat.

280 2083 300 2103 5.
318 2080 340 2098 et
352 2083 376 2097 re
386 2082 429 2097 om.
441 2074 468 2096 V.
533 2077 556 2096 et
570 2073 622 2099 (om.
633 2072 663 2099 V)
676 2072 790 2099 fiuntque.
1013 2079 1047 2094 21.
1065 2076 1091 2094 ut
1108 2072 1195 2099 primas
1211 2072 1300 2099 puellas
1316 2072 1349 2098 V;
1374 2079 1416 2094 om.
1434 2072 1465 2094 D.
1528 2079 1581 2094 cum
1597 2079 1640 2094 om.

279 2115 300 2136 ὁ.
318 2116 398 2135 autem
410 2119 452 2134 om.
966 2107 994 2129 V.
1056 2114 1102 2134 que
1113 2107 1143 2129 D.

281 2157 300 2177 7.
318 2153 435 2173 conuerte.
501 2152 524 2171 et
536 2148 587 2170 hoc.
1013 2152 1046 2167 22.
1064 2144 1098 2167 Ac
1110 2148 1199 2171 postea.
1263 2151 1386 2166 numerum
1398 2144 1426 2166 V.

280 2189 300 2210 8.
318 2188 412 2209 Dicam.
475 2189 523 2208 tres
534 2193 576 2207 om.
1013 2189 1046 2208 ²3-
1064 2182 1219 2208 posteriorum
1236 2182 1266 2204 D.
1330 2181 1490 2208 multiplicabo
1504 2181 1641 2208 (multitudo

280 2233 301 2251 9.
318 2225 418 2251 Oppone
429 2231 490 2250 ergo.
554 2222 598 2244 hiis
611 2222 642 2244 D.
966 2218 1009 2245 D).
1042 2219 1126 2241 Postea
1137 2219 1200 2246 quod
1217 2227 1243 2242 ex
1259 2218 1303 2241 hac
1314 2218 1508 2245 multiplicatione
1519 2218 1641 2241 collectum

282 2270 316 2284 ιι,
334 2262 365 2284 sic
378 2261 516 2287 multiplico,
529 2263 556 2282 ut
569 2259 635 2282 fiant.
966 2256 1035 2278 fuerit
1057 2263 1126 2283 super
1142 2256 1199 2278 illud
1215 2256 1279 2283 quod
1297 2256 1334 2282 (4-
1345 2256 1408 2283 quod
1425 2256 1455 2282 V)
1473 2256 1533 2278 inter
1554 2255 1642 2282 puellas

283 2307 316 2321 12.
334 2299 388 2321 talis
400 2306 443 2320 om.
966 2294 1053 2321 primas
1064 2297 1099 2316 est
1113 2293 1164 2319 (om.
1178 2294 1210 2319 D)
1224 2297 1247 2316 et
1259 2293 1397 2321 posteriores
1408 2293 1495 2315 diuido.

283 2344 316 2363 13.
334 2336 403 2358 unius
414 2334 548 2357 substantie
561 2341 580 2361 5.
1014 2339 1047 2358 24.
1065 2331 1174 2353 diuidunt
1194 2331 1221 2353 C.
1284 2334 1307 2353 et
1324 2334 1345 2355 -l-
1356 2335 1419 2353 tunc.
1478 2331 1546 2353 Tunc
1569 2330 1641 2353 etiam

283 2382 317 2401 14.
334 2373 385 2396 erit.
450 2373 480 2394 Et
508 2371 621 2394 similiter.
685 2377 758 2392 unum
785 2373 825 2397 pro
851 2377 866 2391 v
892 2369 914 2391 D
967 2368 1055 2396 puellas
1066 2369 1152 2395 primas
1163 2376 1208 2395 que
1219 2372 1273 2391 sunt
1284 2376 1319 2391 res
1330 2368 1353 2390 in
1364 2372 1436 2391 sexta.

236 2411 276 2434 dcl.
1014 2413 1047 2432 25.
1066 2406 1203 2432 multiplica.

284 2455 317 2475 15.
336 2447 470 2470 substantia
488 2450 529 2473 pro
551 2445 678 2469 medietate
699 2445 730 2467 D.
793 2452 854 2471 quae
872 2451 914 2466 om.
1014 2446 1047 2466 26.
1065 2444 1155 2466 radicis.

236 2485 381 2508 substantias
393 2485 423 2507 D.
489 2487 654 2511 coequantem.
718 2482 775 2505 Eius
787 2489 840 2509 ergo
852 2481 915 2503 radix
1014 2488 1047 2507 27.
1066 2489 1077 2508 5
1089 2485 1128 2508 pro
1138 2488 1219 2504 vnum.
1282 2480 1372 2503 radicis.

236 2527 271 2546 est
282 2530 317 2545 res
328 2530 373 2549 que
384 2521 479 2549 quando
491 2521 521 2543 in.
1014 2519 1048 2541 28.
1066 2518 1189 2546 coequalis.
1252 2517 1328 2545 ipsam
1339 2521 1378 2544 pro
1389 2516 1564 2539 substantiam.²

285 2562 318 2582 16.
335 2560 405 2582 fuerit
429 2559 458 2581 ad
482 2558 616 2585 quinarium
640 2560 755 2580 excrescet
783 2563 915 2579 numerum.
1014 2563 1048 2582 29.
1065 2563 1118 2582 ergo
1130 2555 1154 2577 in
1167 2562 1178 2582 7
1192 2558 1232 2582 pro
1243 2554 1315 2578 etiam
1328 2561 1381 2577 cum
1394 2561 1440 2576 sex.

238 2597 257 2620 C
277 2597 341 2619 add.:
370 2596 433 2619 radix
454 2596 543 2618 numeri
568 2602 628 2622 quae
648 2598 682 2616 est
705 2587 757 2621 ffl
782 2597 914 2620 componet.
1012 2600 1048 2620 30.
1066 2596 1141 2615 erunt.
