1780 2995
206 292 263 322 152
371 284 527 311 ADDITA
557 283 755 318 QUAEDAM
785 283 863 311 PRO
892 283 1204 311 DECLARATIONE
1232 283 1442 311 ALGEBRAE

179 391 189 406 1
202 376 306 413 accipe
323 375 465 413 quintam
481 380 602 413 partem
618 380 649 404 et
665 375 807 413 quintam
824 375 961 412 quintae,
978 379 1009 404 et
1025 374 1156 412 patebit,
1173 374 1257 413 quod
1276 385 1311 404 10
1326 385 1373 404 res
1389 375 1442 404 vni
1459 376 1561 406 censui
1578 381 1609 406 et

204 436 240 462 24
254 425 387 455 denariis
401 429 581 463 aequentur.
624 425 689 462 Age
702 425 795 462 igitur
808 435 862 462 per
876 429 980 462 caput,
996 434 1057 463 quo
1072 434 1179 454 census
1193 429 1224 454 et
1238 425 1357 454 numeri
1372 425 1462 455 rebus
1476 436 1610 464 aequan-

203 481 263 512 tur,
280 475 514 513 multiplicando
529 474 728 504 medietatem
743 474 881 504 radicum
897 485 966 504 cum
982 475 1091 512 seipsa,
1108 479 1139 504 et
1153 474 1367 512 producuntur
1384 485 1398 503 2
1403 483 1436 512 5;
1463 485 1482 504 a
1497 476 1609 513 quibus

202 525 350 555 subtrahe
371 535 406 561 24
425 530 456 554 et
475 529 579 554 manet
599 524 712 561 vnitas,
732 525 817 554 cuius
836 524 922 554 radix
941 529 987 554 est
1006 524 1118 553 vnitas.
1162 525 1252 554 Hanc
1271 524 1406 554 radicem
1425 525 1573 555 subtrahe
1591 536 1610 555 a

176 589 189 610 5
203 576 369 605 medietate
387 574 535 611 radicum,
554 579 585 604 et
603 580 730 604 manent
748 585 776 611 4,
795 585 874 613 quae
892 579 964 604 sunt
982 585 1044 604 vna
1062 574 1221 604 diuisionis
1239 584 1319 612 pars.
1364 575 1405 604 Et
1423 580 1508 612 nota,
1527 576 1611 614 quod

202 635 273 655 cum
292 625 367 654 illud
387 624 470 663 quod
490 625 619 654 resultat
639 635 674 653 ex
694 624 843 654 diuisione
862 625 980 662 primae
999 625 1096 662 partis
1117 624 1147 653 in
1167 624 1335 654 secundam
1355 625 1483 654 alicuius
1503 626 1609 663 totius,

201 675 424 713 multiplicetur
439 685 509 704 curn
525 674 575 704 illo
591 675 674 713 quod
690 675 819 704 resultat
834 685 869 704 ex
885 674 1035 704 diuisione
1052 674 1206 704 secundae
1220 674 1317 712 partis
1333 675 1363 704 in
1378 675 1520 713 primam,
1536 675 1612 705 illud

201 725 286 763 quod
300 724 443 763 prouenit
457 734 576 762 semper
590 724 672 754 idem
687 725 736 754 sit.

755 816 894 854 Quaestio
909 815 1059 845 vndecima

163 915 191 930 ιο
242 899 342 929 Diuisi
359 910 393 928 10
406 899 437 928 in
450 899 528 928 duas
540 903 644 937 partes
658 903 688 928 et
702 899 905 937 multiplicaui
919 909 1012 928 Vnam
1026 899 1147 928 illarum
1160 908 1231 928 cum
1246 907 1260 936 5
1275 903 1305 928 et
1318 899 1506 936 productum
1520 899 1611 928 diuisi

201 949 233 979 in
254 950 403 987 reliquam
424 954 555 987 partem,
577 953 608 978 et
629 949 767 978 exeuntis
788 948 987 978 medietatem
1009 948 1115 977 addidi
1137 948 1177 977 ad
1198 948 1385 986 productum
1407 959 1442 978 ex
1464 949 1611 987 multipli-

202 1000 323 1029 catione
337 999 455 1037 primae
470 999 567 1037 partis
584 1008 653 1028 cum
671 1007 697 1036 5,
714 1004 744 1028 et
761 1003 864 1028 totum
880 1003 1079 1036 aggregatum
1096 998 1155 1027 fuit
1173 1007 1218 1036 50.
1261 998 1436 1035 Quaeritur.

642 1049 859 1086 Respondetur
872 1058 907 1078 ex
920 1048 1040 1085 regula:
1064 1050 1081 1077 8
1094 1053 1125 1078 et
1139 1058 1164 1077 2.

242 1099 368 1137 Regula.
413 1100 459 1128 Ex
480 1109 514 1128 10
533 1099 664 1137 accipias
683 1109 764 1135 rem;
794 1098 874 1128 hanc
892 1098 1112 1136 multiplicabis
1132 1108 1202 1127 cum
1223 1106 1248 1135 5,
1269 1103 1299 1127 et
1319 1098 1394 1127 fient
1415 1107 1430 1136 5
1450 1108 1506 1128 res.
1551 1098 1612 1128 De-

163 1163 189 1184 15
201 1150 287 1179 beres
306 1149 442 1178 diuidere
463 1158 477 1186 5
498 1159 543 1178 res
562 1149 593 1178 in
615 1159 650 1178 10
668 1153 789 1187 praeter
807 1159 881 1185 rem,
901 1153 932 1178 et
951 1148 1063 1178 addere
1082 1148 1283 1178 medietatem
1303 1148 1441 1177 exeuntis
1460 1148 1500 1177 ad
1520 1157 1535 1186 5
1555 1158 1610 1178 res.

202 1199 261 1229 Sed
274 1199 332 1229 hoc
345 1199 426 1228 idem
440 1204 495 1235 est,
511 1209 546 1228 ac
559 1199 583 1228 si
597 1199 748 1228 diuideres
762 1199 962 1228 medietatem
977 1207 991 1236 5
1007 1208 1107 1228 rerum
1121 1198 1152 1227 in
1169 1208 1203 1227 10
1216 1203 1339 1236 praeter
1352 1208 1426 1235 rem,
1441 1203 1471 1227 et
1485 1198 1612 1227 adderes

201 1255 363 1279 exeuntem
375 1254 477 1279 totum
488 1249 527 1278 ad
542 1257 556 1286 5
571 1247 647 1286 [res].
679 1249 817 1287 Vtraque
827 1249 909 1278 enim
919 1248 1058 1286 operatio
1068 1248 1249 1286 producitur
1261 1257 1306 1285 50.
1340 1248 1369 1277 Si
1380 1258 1451 1285 ergo
1461 1248 1583 1277 diuidas
1595 1258 1610 1276 2

201 1310 247 1329 res
260 1305 291 1329 et
303 1300 458 1329 semissem
471 1299 502 1328 in
518 1309 552 1328 10
564 1304 685 1337 praeter
697 1309 771 1335 rem,
784 1303 896 1328 exeunt
910 1307 947 1336 50
958 1303 1080 1336 praeter
1094 1307 1109 1335 5
1122 1308 1178 1334 res,
1192 1308 1227 1327 eo
1240 1297 1324 1336 quod
1340 1298 1448 1327 addito
1460 1298 1612 1336 producto

201 1350 241 1379 ad
256 1358 270 1388 5
284 1360 341 1386 res,
355 1349 553 1387 prouenirent
567 1358 611 1386 50.
656 1349 737 1378 Cum
749 1348 842 1386 igitur
855 1353 975 1378 constet
989 1348 1072 1386 quod
1086 1347 1293 1385 multiplicato
1307 1347 1357 1377 illo
1371 1347 1454 1385 quod
1467 1347 1611 1385 prouenit

162 1414 191 1429 20
201 1410 237 1429 ex
254 1400 404 1429 diuisione
422 1409 491 1428 cum
509 1399 641 1428 diuisore
658 1399 763 1428 redeat
781 1408 888 1428 census
907 1403 988 1435 tuus,
1006 1398 1059 1436 qui
1077 1403 1123 1427 est
1143 1408 1157 1426 2
1176 1407 1222 1426 res
1240 1402 1270 1426 et
1288 1398 1387 1426 semis.
1431 1397 1609 1435 Multiplica

201 1450 294 1487 igitur
312 1460 346 1478 10
360 1454 482 1487 praeter
496 1459 559 1478 rem
574 1459 644 1478 cum
661 1457 697 1486 50
711 1449 845 1486 exceptis
862 1457 876 1486 5
892 1448 992 1485 rebus,
1007 1448 1190 1486 prouenient
1205 1456 1264 1485 500
1279 1452 1308 1476 et
1326 1456 1340 1485 5
1357 1457 1463 1476 census
1479 1447 1612 1485 exceptis

204 1508 259 1526 100
272 1497 371 1533 rebus⁷
385 1507 464 1535 quae
476 1497 580 1526 omnia
593 1501 766 1534 aequantur
778 1496 899 1525 duabus
912 1496 1001 1525 rebus
1014 1501 1045 1525 et
1058 1496 1183 1525 semissi.
1228 1497 1336 1526 Reduc
1349 1497 1442 1535 igitur
1456 1502 1559 1526 totum
1572 1497 1612 1526 ad

201 1558 298 1576 vnum
315 1557 440 1576 censum
457 1546 634 1584 accipiendo
651 1546 794 1584 quintam
810 1551 931 1584 partem
949 1546 1054 1582 totius,
1073 1551 1103 1575 et
1119 1547 1250 1584 patebit,
1269 1546 1352 1585 quod
1373 1557 1428 1576 100
1445 1552 1475 1576 et
1493 1557 1611 1584 census,

202 1597 335 1635 exceptis
356 1607 391 1626 20
409 1597 498 1626 rebus
517 1601 687 1634 aequentur
706 1596 865 1625 medietati
883 1596 934 1625 rei.
978 1596 1195 1626 Restaurando
1213 1596 1316 1634 igitur,
1336 1596 1385 1626 dic
1404 1596 1488 1636 quod
1509 1607 1563 1625 100
1581 1601 1611 1626 et

164 1661 189 1681 25
202 1657 310 1677 census
328 1651 500 1685 aequentur
520 1656 555 1675 20
572 1646 662 1675 rebus
680 1651 711 1675 et
728 1646 889 1675 medietati
906 1646 957 1675 rei.
1001 1646 1067 1683 Age
1084 1646 1177 1683 igitur
1193 1656 1247 1684 per
1265 1651 1359 1684 caput
1377 1656 1438 1684 quo
1456 1656 1563 1676 census
1581 1651 1611 1676 et

202 1697 320 1726 numeri
338 1697 428 1726 rebus
445 1701 626 1734 aequentur,
645 1695 880 1733 multiplicando
898 1695 1097 1725 medietatem
1115 1706 1215 1725 rerum
1233 1706 1303 1725 cum
1320 1706 1361 1732 se,
1380 1701 1411 1725 et
1427 1696 1611 1734 prouem'ent

205 1755 258 1784 105
277 1751 307 1775 et
323 1746 379 1784 1¹—5;
408 1756 426 1775 a
443 1746 554 1784 quibus
572 1745 738 1775 subtractis
759 1756 813 1774 100
830 1750 957 1774 manent
976 1745 1042 1783 55¹5,
1061 1745 1146 1775 cuius
1163 1745 1248 1775 radix
1265 1750 1311 1775 est
1330 1746 1383 1784 2};
1412 1746 1524 1784 quibus
1541 1746 1611 1775 sub-

203 1797 309 1826 tractis
325 1806 343 1825 a
358 1796 525 1825 medietate
540 1795 688 1832 radicum,
705 1800 735 1824 et
751 1800 878 1824 manent
894 1797 912 1824 8
927 1805 989 1824 vna
1004 1795 1162 1824 diuisionis
1177 1805 1256 1833 pars.

748 1895 887 1932 Quaestio
901 1895 1073 1924 duodecima

161 1991 191 2011 30
242 1978 342 2008 Diuisi
369 1988 403 2007 10
426 1978 457 2007 in
481 1977 557 2007 duos
580 1982 693 2015 partes,
718 1982 749 2007 et
772 1977 989 2015 multiplicatio
1013 1977 1102 2007 vnius
1125 1977 1222 2015 partis
1245 1987 1316 2007 cum
1339 1977 1440 2016 seipsa
1464 1977 1609 2016 produxit

202 2039 364 2058 numerum
379 2028 589 2057 continentem
604 2027 733 2057 alteram
747 2032 850 2065 partes
865 2027 1031 2065 octogesies
1046 2027 1147 2057 semel.
1190 2027 1355 2065 Quaeritur
1369 2027 1407 2057 de
1421 2027 1574 2065 partibus.

636 2077 853 2115 Respondetur
866 2087 902 2107 ex
916 2077 1036 2115 regula:
1062 2088 1079 2114 9
1093 2082 1123 2107 et
1141 2088 1164 2106 1.

243 2128 370 2166 Regula.
413 2127 590 2165 Multiplica
610 2137 646 2156 10
662 2132 784 2165 praeter
801 2137 864 2156 rem
883 2137 953 2156 cum
971 2137 1011 2163 se,
1030 2132 1061 2156 et
1079 2127 1153 2156 fient
1174 2137 1228 2156 100
1246 2132 1276 2156 et
1295 2137 1412 2163 census,
1431 2131 1554 2164 praeter
1574 2137 1609 2155 20

203 2188 249 2207 res
263 2188 342 2217 quae
355 2182 528 2216 aequantur
542 2179 576 2206 81
593 2177 691 2207 rebus.
735 2177 952 2206 Restaurando
965 2177 1058 2214 igitur
1071 2176 1129 2213 dic,
1144 2176 1227 2215 quod
1243 2187 1298 2206 100
1311 2181 1341 2206 et
1356 2186 1463 2206 census
1478 2186 1610 2214 aequen-

162 2242 190 2262 35
204 2233 254 2258 tur
276 2239 327 2257 101
349 2228 447 2257 rebus.
490 2228 555 2265 Age
573 2237 655 2256 nunc
673 2237 727 2265 per
745 2231 839 2264 caput
859 2237 920 2264 quo
940 2237 1047 2256 census
1066 2231 1096 2256 et
1116 2226 1235 2256 numeri
1254 2226 1354 2263 rebus,
1375 2231 1559 2264 aequantur,
1578 2230 1610 2256 et

203 2278 306 2308 veniet
322 2277 448 2307 tandem
464 2277 576 2313 vnitas,
593 2287 654 2306 vna
669 2276 828 2306 diuisionis
843 2286 924 2314 pars.

726 2374 864 2411 Quaestio
879 2374 990 2403 decima
1006 2374 1090 2403 tertia

244 2464 316 2493 Duo
341 2469 413 2494 sunt
438 2474 555 2501 census,
581 2475 712 2503 quorum
737 2465 834 2494 maior
858 2465 976 2494 excedit
1001 2465 1150 2494 minorem
1174 2464 1205 2494 in
1230 2464 1360 2501 duobus,
1387 2463 1477 2494 diuisi
1501 2468 1606 2494 autem

204 2514 352 2543 maiorem
367 2514 397 2544 in
413 2515 572 2551 minorem,
589 2519 619 2544 et
635 2515 738 2544 exibat
753 2514 902 2544 medietas
917 2514 1049 2544 maioris.
1092 2515 1265 2552 Quaeritur.

165 2575 194 2594 40
461 2564 678 2602 Respondetur
692 2575 727 2594 ex
742 2565 862 2602 regula:
890 2574 904 2593 2
920 2574 1028 2594 census
1044 2564 1143 2593 minor
1157 2569 1188 2593 et
1202 2574 1220 2600 4
1235 2563 1340 2593 maior.

244 2613 371 2651 Regula.
414 2614 497 2643 Pone
511 2624 574 2643 rem
587 2624 643 2652 pro
657 2624 758 2650 censu,
773 2619 803 2643 et
818 2614 875 2650 dic,
890 2614 963 2652 quia
976 2624 1022 2643 res
1036 2613 1135 2643 minor
1149 2613 1290 2643 diuidens
1304 2613 1451 2643 maiorem
1465 2612 1608 2651 producit
