1780 2995
251 278 310 299 120
581 269 702 297 LIBER
730 269 940 297 ALGEBRAE
967 270 1018 297 ET
1044 270 1313 298 ALMUCABOLA

223 370 234 385 1
246 360 378 391 Radices
394 360 488 399 igitur
502 370 557 399 per
572 360 709 390 medium
724 360 840 397 diuido,
858 365 888 390 et
904 371 1009 391 earum
1025 360 1160 391 medium
1176 371 1246 391 cum
1262 371 1316 391 suo
1333 361 1454 400 aequali
1470 361 1652 400 multiplico,

246 415 278 441 et
293 410 377 450 quod
391 410 574 449 producitur
589 410 628 440 ad
645 412 661 440 6
677 410 797 447 adiicio,
813 415 908 449 atque
923 411 1013 440 huius
1028 411 1184 449 aggregati
1199 411 1333 440 radicem
1348 411 1474 449 accipio,
1488 411 1569 441 vnde
1585 416 1652 441 tan-

246 461 317 491 dem
335 460 535 490 medietatem
554 460 693 490 radicum
713 460 871 490 subtraho.
914 461 997 490 Nam
1016 461 1074 490 hoc
1093 461 1177 499 quod
1195 461 1351 490 residuum
1369 460 1471 498 fuerit,
1491 471 1651 491 numerum

246 511 417 549 puellarum
432 510 569 549 priorum
584 510 767 548 designabit,
783 515 813 539 et
828 510 913 548 ipsae
927 515 999 540 sunt
1015 511 1103 540 duae.

223 596 235 616 5
754 585 892 622 Quaestio
907 585 1020 614 decima
1034 586 1139 623 quinta

286 660 317 690 Si
331 670 367 690 ex
381 659 556 689 substantia
570 664 705 698 quatuor
719 659 835 688 radices
850 660 1039 695 subtraxero,
1055 669 1090 689 ac
1104 664 1213 697 postea
1228 659 1353 689 tertiam
1367 659 1479 689 residui
1494 669 1651 697 accepero,

246 715 277 740 et
295 710 370 740 haec
388 710 455 748 ipsa
474 709 566 739 tertia
583 714 718 747 quatuor
735 709 889 738 radicibus
907 709 1043 748 aequalis
1061 709 1164 746 fuerit,
1185 714 1258 739 tunc
1276 709 1452 738 substantia
1470 709 1501 738 in
1519 709 1652 738 ducenta

246 760 473 799 quinquaginta
488 769 539 788 sex
555 759 749 788 terminatur.

287 809 447 848 Expositio
459 809 550 838 huius
563 813 609 838 est
622 813 657 838 vt
670 808 757 845 scias,
771 808 854 846 quod
867 818 937 838 cum
951 808 1042 838 tertia
1055 808 1176 845 residui,
1190 808 1365 846 posterioris
1378 808 1502 845 scilicet,
1516 808 1652 847 aequalis

208 873 236 887 10
247 859 286 889 sit
310 864 444 898 quatuor
466 859 630 895 radicibus,
654 858 810 887 residuum
833 858 917 896 prius
941 858 1102 887 duodecim
1129 858 1283 887 radicibus
1306 858 1434 896 aequale
1456 858 1522 887 erit.
1565 858 1653 888 Adde

246 910 340 948 igitur
354 909 420 938 illas
434 918 525 947 super
539 912 683 947 quatuor,
699 912 729 937 et
744 908 869 937 venient
887 910 920 937 16
936 908 1062 944 radices,
1077 917 1156 946 quae
1170 912 1243 937 sunt
1257 907 1343 937 radix
1357 908 1560 937 substantiae.

768 991 907 1028 Quaestio
922 991 1036 1020 decima
1051 994 1131 1020 sexta

287 1076 332 1104 Ex
343 1074 519 1104 substantia
530 1078 591 1103 tres
603 1073 720 1103 radices
733 1073 882 1103 subtraho
895 1078 925 1102 et
938 1078 1047 1111 postea
1060 1073 1143 1112 quod
1155 1073 1311 1103 residuum
1323 1078 1369 1102 est
1382 1083 1452 1102 cum
1465 1083 1520 1102 suo
1532 1073 1652 1112 aequali

246 1125 428 1163 multiplico,
444 1124 546 1162 sitque
561 1128 629 1153 tota
644 1123 910 1161 multiplicationis
925 1133 1045 1152 summa
1060 1123 1196 1162 aequalis
1211 1123 1413 1152 substantiae.

208 1184 234 1204 15
286 1174 492 1204 Manifestum
522 1178 578 1210 est,
609 1173 693 1212 quod
722 1173 879 1202 residuum
908 1173 947 1202 sit
977 1173 1073 1209 radix,
1104 1183 1198 1211 quam
1227 1173 1441 1211 quaternarius
1471 1172 1652 1211 adimplebit

247 1235 409 1260 numerus;
435 1223 644 1253 substantiam
660 1223 733 1252 vero
749 1233 894 1252 numerus
912 1225 946 1252 16
962 1227 1158 1261 component.

286 1309 355 1337 Hae
372 1307 465 1345 igitur
482 1311 554 1336 sunt
572 1306 704 1335 sedecim
722 1306 917 1344 quaestiones
933 1316 1012 1344 quae
1029 1316 1064 1335 ex
1082 1306 1234 1344 prioribus
1252 1305 1335 1335 nasci
1352 1305 1507 1341 videntur,
1525 1310 1561 1334 vt
1578 1305 1653 1334 dixi-

247 1368 324 1387 mus.
367 1356 521 1395 Quicquid
547 1356 640 1394 igitur
666 1356 752 1385 iuxta
779 1360 877 1385 artem
904 1355 1137 1385 restaurationis
1164 1360 1195 1385 et
1221 1355 1424 1394 oppositionis
1449 1355 1653 1393 multiplicare

247 1407 389 1443 volueris,
404 1406 493 1436 facile
506 1416 561 1444 per
575 1416 610 1435 ea
624 1416 704 1444 quae
719 1405 835 1435 tradita
849 1410 921 1434 sunt
936 1405 1086 1443 expedies.

208 1531 236 1545 κο
637 1514 779 1544 CAPUT
808 1514 964 1543 RERUM
993 1513 1223 1543 VENALIUM

287 1599 348 1628 Res
365 1602 470 1628 autem
487 1597 610 1627 venales
626 1601 657 1626 et
674 1597 787 1633 omnia,
805 1607 884 1635 quae
901 1596 940 1625 ad
957 1597 1038 1635 ipsas
1056 1596 1201 1633 attinent,
1219 1596 1339 1626 duobus
1356 1595 1455 1625 modis
1471 1600 1502 1625 et
1519 1600 1652 1634 quatuor

246 1648 381 1678 numeris
392 1648 608 1685 disponuntur.
651 1647 772 1675 Horum
783 1646 876 1684 igitur
886 1656 1083 1676 numerorum
1094 1646 1211 1684 primus
1221 1646 1307 1675 iuxta
1318 1646 1444 1682 Arabes,
1455 1645 1651 1682 Almuzahar,

247 1699 299 1737 qui
314 1702 345 1728 et
358 1698 475 1736 primus
489 1697 666 1735 propositus
681 1696 868 1725 nominatur.
912 1696 1070 1726 Secundus
1083 1706 1166 1732 vero,
1181 1696 1314 1732 Alszian,
1328 1695 1360 1725 id
1375 1700 1421 1725 est
1434 1695 1586 1725 secundus
1599 1705 1652 1733 per

247 1748 381 1787 primum
401 1747 535 1783 dinotus,
556 1746 741 1784 appellatur.
784 1746 907 1775 Tertius
927 1746 1079 1775 Almuhen
1099 1746 1130 1775 id
1150 1750 1195 1775 est
1214 1746 1347 1783 ignotus.
1390 1745 1526 1782 Quartus
1544 1745 1652 1774 Alche-

208 1810 234 1830 25
247 1808 329 1834 mon,
346 1797 377 1826 id
394 1802 440 1826 est
455 1806 509 1835 per
524 1796 659 1834 primum
676 1801 706 1825 et
723 1796 893 1825 secundum
909 1796 1044 1825 dinotus.
1087 1795 1129 1825 Hi
1144 1805 1235 1833 porro
1251 1800 1385 1834 quatuor
1401 1795 1519 1824 numeri
1535 1795 1577 1824 sic
1593 1795 1652 1824 dis-

246 1852 415 1886 ponuntur,
430 1851 467 1875 vt
486 1856 591 1876 eorum
612 1846 739 1884 primus,
756 1845 809 1884 qui
828 1850 874 1875 est
889 1845 1075 1875 Almuzahar
1093 1845 1213 1881 vltimo,
1229 1845 1281 1883 qui
1302 1849 1348 1874 est
1363 1845 1542 1881 Alchemon,
1557 1855 1652 1883 oppo-

247 1902 349 1927 natur.
391 1897 512 1926 Horum
531 1900 636 1925 autem
655 1900 789 1934 quatuor
808 1905 1005 1925 numerorum
1027 1900 1088 1925 tres
1107 1905 1226 1933 semper
1245 1895 1310 1924 noti
1332 1904 1368 1924 ac
1386 1894 1461 1924 certi
1482 1899 1649 1932 ponuntur,

247 1952 381 1986 quatuor
395 1956 467 1976 vero
481 1956 625 1975 numerus
639 1945 762 1983 ignotus
775 1945 911 1983 ponitur,
927 1950 957 1975 et
973 1945 997 1974 is
1011 1945 1076 1983 ipse
1090 1949 1135 1974 est
1149 1955 1219 1974 cum
1233 1954 1294 1982 quo
1308 1949 1462 1983 quantum
1475 1944 1649 1983 inquiritur.

294 2022 312 2036 2.
331 2017 402 2041 atque
418 2020 470 2036 eam
487 2011 709 2039 multiplicationem
725 2019 794 2038 super
811 2014 824 2034 6
840 2011 922 2038 adicio,
1023 2013 1056 2034 18.
1074 2012 1198 2038 Quotquot
1209 2011 1242 2037 V;
1261 2010 1382 2038 Quidquid
1393 2011 1424 2032 D.

246 2055 269 2074 et
282 2051 351 2073 huius
363 2058 461 2073 summe.
524 2057 551 2072 ex
563 2057 610 2077 qua
621 2053 661 2076 pm
673 2049 736 2072 vnde
748 2049 852 2072 taudem.
1023 2057 1056 2075 19.
1073 2056 1114 2076 per
1141 2056 1222 2071 earum
1250 2047 1353 2075 aliquam
1382 2047 1439 2070 illud
1466 2047 1648 2074 multiplicatum

292 2097 313 2115 3.
331 2088 450 2110 abstraho.
513 2087 576 2109 Nam
593 2090 657 2111 ÷et.
974 2086 1079 2113 reperies.

292 2134 313 2153 4.
331 2129 354 2148 et
364 2129 419 2147 sunt
429 2125 476 2147 due
485 2125 518 2151 V;
537 2132 580 2146 om.
591 2124 622 2146 D.
1021 2131 1055 2145 20.
1075 2123 1175 2145 Titulum
1187 2130 1230 2145 om.

293 2165 313 2185 6.
331 2170 357 2185 ex
369 2170 411 2184 om.
424 2162 455 2184 D.
518 2165 541 2184 et
553 2165 648 2189 postea;
668 2165 692 2184 et
704 2161 723 2183 C
734 2162 759 2183 in
770 2168 815 2183 ms.
878 2164 923 2183 ter·
1021 2168 1055 2183 21.
1072 2161 1134 2183 Item
1160 2167 1195 2182 res
1224 2160 1301 2182 omnis
1326 2159 1421 2182 venales
1451 2160 1481 2181 D.
1544 2159 1574 2181 ad
1605 2167 1640 2182 om

247 2201 306 2223 tiam
317 2208 359 2222 om.
372 2200 402 2222 D.
974 2197 1036 2225 ipsis.

294 2244 313 2264 7.
331 2237 349 2259 si
362 2241 401 2263 pro
413 2240 436 2259 et
448 2237 513 2259 haec.
577 2240 600 2259 et
613 2236 688 2262 proin
700 2236 730 2258 D.
1022 2243 1055 2257 ῃ.
1073 2242 1127 2257 vero
1146 2238 1186 2261 pm
1204 2234 1282 2261 igitur.
1345 2234 1483 2256 Almuzarar
1501 2235 1550 2256 siue
1569 2234 1650 2256 Almu-

292 2283 313 2301 9.
331 2274 442 2302 quoniam
482 2278 522 2301 pro
562 2273 626 2301 quod
666 2280 727 2296 cum.
790 2272 923 2300 posterioris
974 2280 1037 2295 sarar
1049 2273 1128 2300 ubique
1140 2272 1173 2298 V;
1194 2271 1319 2294 Almuzaar
1330 2272 1379 2294 siue
1391 2271 1514 2293 Almusaar
1526 2271 1556 2293 D.

247 2311 333 2334 scilicet
346 2319 388 2333 om.
1021 2317 1054 2336 23.
1071 2309 1095 2332 id
1110 2313 1145 2332 est
1162 2313 1200 2336 pro
1212 2309 1251 2336 qui
1268 2313 1298 2331 et.
1360 2312 1510 2335 nuncupatur
1524 2309 1554 2330 D.
1585 2308 1650 2331 Alter

295 2357 328 2371 ιο.
346 2353 369 2371 et
390 2356 462 2376 quam
484 2348 602 2371 residuum
624 2347 699 2370 simile
719 2347 749 2370 sit
773 2347 817 2373 (est
838 2347 871 2373 D)
896 2354 921 2368 12
973 2347 1080 2369 Alszarar
1092 2347 1215 2373 ubiqueV3
1234 2346 1332 2368 Alzazar
1342 2346 1391 2368 siue
1402 2345 1511 2368 Alszazar
1522 2345 1552 2367 D.

248 2386 371 2409 radicibus.
1020 2392 1054 2411 ²4-
1071 2384 1238 2406 Almuthemen
1274 2383 1354 2410 ubique
1389 2383 1422 2409 V;
1467 2382 1563 2405 Almute
1597 2383 1646 2405 siue

295 2431 328 2445 11.
346 2427 448 2450 quatuor
464 2426 485 2448 -ί-
496 2422 592 2445 radices.
973 2421 1141 2444 Almuthemon
1156 2421 1186 2443 D.
1249 2420 1375 2443 Althemen
1388 2420 1468 2447 ubique
1481 2420 1514 2446 V;
1536 2419 1646 2442 Altemon

295 2469 328 2487 13.
346 2468 372 2483 ac
386 2464 424 2487 pro
436 2464 466 2483 et.
530 2464 564 2482 est
582 2463 602 2484 ÷
613 2463 636 2482 et
650 2460 680 2481 D.
972 2459 1021 2481 siue
1033 2459 1160 2481 Althernon
1172 2459 1203 2481 D.

295 2505 328 2524 15.
347 2498 415 2520 Unde
429 2497 581 2520 manifestum
596 2501 638 2521 est.
654 2497 717 2524 quod
732 2496 788 2518 illud
803 2496 922 2519 residuum
1020 2503 1054 2523 25.
1072 2496 1116 2519 Sed
1127 2500 1150 2518 et
1162 2495 1194 2518 hii
1205 2503 1226 2523 4.

247 2535 354 2557 similiter
367 2535 397 2557 sit
412 2534 476 2557 radix
491 2538 514 2557 et
528 2534 591 2561 quod
605 2534 739 2556 substantia
753 2534 782 2556 sit
797 2542 810 2561 4
824 2537 847 2556 et
862 2534 921 2556 fiunt
1019 2540 1053 2560 27.
1070 2533 1151 2556 eciam.

250 2572 328 2599 (fuerit
341 2572 374 2597 D)
391 2574 416 2594 16
428 2571 558 2598 dragmata.
1020 2572 1053 2593 28.
1071 2577 1181 2593 numerus
1221 2577 1264 2593 om.
1327 2569 1423 2597 ponitur
1439 2572 1494 2594 ÷et
1536 2569 1646 2592 incertus.

294 2616 327 2636 17.
347 2610 404 2631 Hec.
467 2616 493 2631 ex
506 2610 519 2631 6
531 2608 618 2636 primis.
681 2612 707 2631 vt
724 2611 745 2633 4-
756 2608 810 2630 iam.
973 2608 1022 2635 ipse
1032 2612 1066 2630 est
1079 2607 1123 2630 ille.
