<?xml version="1.0" encoding="UTF-8"?>
<!DOCTYPE html PUBLIC "-//W3C//DTD XHTML 1.0 Transitional//EN"
    "http://www.w3.org/TR/xhtml1/DTD/xhtml1-transitional.dtd">
<html xmlns="http://www.w3.org/1999/xhtml" xml:lang="en" lang="en">
 <head>
  <title>
</title>
<meta http-equiv="Content-Type" content="text/html;charset=utf-8" />
  <meta name='ocr-system' content='tesseract 3.04.00' />
  <meta name='ocr-capabilities' content='ocr_page ocr_carea ocr_par ocr_line ocrx_word'/>
</head>
<body>
  <div class='ocr_page' id='page_1' title='image "./robertofchesters00khuw_0048.png"; bbox 0 0 1780 2995; ppageno 0'>
   <div class='ocr_carea' id='block_1_1' title="bbox 231 259 1082 297">
    <p class='ocr_par' dir='ltr' id='par_1_1' title="bbox 231 259 1082 297">
     <span class='ocr_line' id='line_1_1' title="bbox 231 259 1082 297; baseline -0.004 -8"><span class='ocrx_word' id='word_1_1' title='bbox 231 267 273 297; x_wconf 84' lang='lat'>30</span> <span class='ocrx_word' id='word_1_2' title='bbox 774 259 1082 287; x_wconf 91' lang='lat' dir='ltr'>INTRODUCTION</span> 
     </span>
    </p>
   </div>
   <div class='ocr_carea' id='block_1_2' title="bbox 230 349 1634 967">
    <p class='ocr_par' dir='ltr' id='par_1_2' title="bbox 230 349 1634 967">
     <span class='ocr_line' id='line_1_2' title="bbox 286 349 1627 397; baseline 0.001 -13"><span class='ocrx_word' id='word_1_3' title='bbox 286 349 327 384; x_wconf 92' lang='lat' dir='ltr'>In</span> <span class='ocrx_word' id='word_1_4' title='bbox 353 361 445 394; x_wconf 88' lang='lat'>1144</span> <span class='ocrx_word' id='word_1_5' title='bbox 469 349 611 385; x_wconf 91' lang='lat' dir='ltr'>Robert</span> <span class='ocrx_word' id='word_1_6' title='bbox 630 349 841 396; x_wconf 90' lang='lat' dir='ltr'>completed</span> <span class='ocrx_word' id='word_1_7' title='bbox 864 349 927 384; x_wconf 92' lang='lat' dir='ltr'>the</span> <span class='ocrx_word' id='word_1_8' title='bbox 952 349 1183 391; x_wconf 82' lang='lat' dir='ltr'><strong>translation,</strong></span> <span class='ocrx_word' id='word_1_9' title='bbox 1201 349 1356 385; x_wconf 87' lang='lat' dir='ltr'>entitled</span> <span class='ocrx_word' id='word_1_10' title='bbox 1376 349 1435 384; x_wconf 79' lang='lat' dir='ltr'>De</span> <span class='ocrx_word' id='word_1_11' title='bbox 1458 350 1627 397; x_wconf 76' lang='lat' dir='ltr'>composi-</span> 
     </span>
     <span class='ocr_line' id='line_1_3' title="bbox 232 407 1625 455; baseline 0.001 -13"><span class='ocrx_word' id='word_1_12' title='bbox 232 408 329 443; x_wconf 82' lang='lat' dir='ltr'>tione</span> <span class='ocrx_word' id='word_1_13' title='bbox 352 408 558 447; x_wconf 78' lang='lat' dir='ltr'>alclcemiae,</span> <span class='ocrx_word' id='word_1_14' title='bbox 583 420 625 443; x_wconf 88' lang='lat' dir='ltr'>or</span> <span class='ocrx_word' id='word_1_15' title='bbox 647 408 707 442; x_wconf 84' lang='lat' dir='ltr'>De</span> <span class='ocrx_word' id='word_1_16' title='bbox 733 421 772 443; x_wconf 80' lang='lat' dir='ltr'>re</span> <span class='ocrx_word' id='word_1_17' title='bbox 801 407 993 449; x_wconf 83' lang='lat' dir='ltr'>metallica,</span> <span class='ocrx_word' id='word_1_18' title='bbox 1018 408 1066 455; x_wconf 91' lang='lat' dir='ltr'>by</span> <span class='ocrx_word' id='word_1_19' title='bbox 1089 420 1161 443; x_wconf 86' lang='lat' dir='ltr'>one</span> <span class='ocrx_word' id='word_1_20' title='bbox 1194 407 1387 443; x_wconf 86' lang='lat' dir='ltr'>Morienus</span> <span class='ocrx_word' id='word_1_21' title='bbox 1418 408 1625 443; x_wconf 87' lang='lat' dir='ltr'>Romanus.</span> 
     </span>
     <span class='ocr_line' id='line_1_4' title="bbox 234 465 1627 514; baseline 0.001 -14"><span class='ocrx_word' id='word_1_22' title='bbox 234 465 329 501; x_wconf 90' lang='lat' dir='ltr'>This</span> <span class='ocrx_word' id='word_1_23' title='bbox 357 478 430 501; x_wconf 88' lang='lat' dir='ltr'>was</span> <span class='ocrx_word' id='word_1_24' title='bbox 467 465 665 513; x_wconf 91' lang='lat' dir='ltr'>published</span> <span class='ocrx_word' id='word_1_25' title='bbox 704 465 741 501; x_wconf 91' lang='lat' dir='ltr'>in</span> <span class='ocrx_word' id='word_1_26' title='bbox 781 465 883 501; x_wconf 89' lang='lat' dir='ltr'>Paris</span> <span class='ocrx_word' id='word_1_27' title='bbox 920 465 957 500; x_wconf 90' lang='lat' dir='ltr'>in</span> <span class='ocrx_word' id='word_1_28' title='bbox 1001 469 1101 511; x_wconf 81' lang='lat'>1546,</span> <span class='ocrx_word' id='word_1_29' title='bbox 1130 465 1203 501; x_wconf 89' lang='lat' dir='ltr'>and</span> <span class='ocrx_word' id='word_1_30' title='bbox 1240 465 1332 501; x_wconf 91' lang='lat' dir='ltr'>later</span> <span class='ocrx_word' id='word_1_31' title='bbox 1366 466 1415 513; x_wconf 91' lang='lat' dir='ltr'>by</span> <span class='ocrx_word' id='word_1_32' title='bbox 1449 466 1627 514; x_wconf 82' lang='lat' dir='ltr'>Manget.1</span> 
     </span>
     <span class='ocr_line' id='line_1_5' title="bbox 233 523 1628 572; baseline 0.001 -13"><span class='ocrx_word' id='word_1_33' title='bbox 233 524 408 560; x_wconf 83' lang='lat' dir='ltr'>Another</span> <span class='ocrx_word' id='word_1_34' title='bbox 427 524 464 559; x_wconf 84' lang='lat' dir='ltr'>of</span> <span class='ocrx_word' id='word_1_35' title='bbox 483 524 544 560; x_wconf 91' lang='lat' dir='ltr'>the</span> <span class='ocrx_word' id='word_1_36' title='bbox 564 525 742 571; x_wconf 88' lang='lat' dir='ltr'>products</span> <span class='ocrx_word' id='word_1_37' title='bbox 762 524 799 559; x_wconf 83' lang='lat' dir='ltr'>of</span> <span class='ocrx_word' id='word_1_38' title='bbox 821 523 879 559; x_wconf 90' lang='lat' dir='ltr'>his</span> <span class='ocrx_word' id='word_1_39' title='bbox 898 524 1048 571; x_wconf 87' lang='lat' dir='ltr'>literary</span> <span class='ocrx_word' id='word_1_40' title='bbox 1066 523 1228 572; x_wconf 88' lang='lat' dir='ltr'>activity‚</span> <span class='ocrx_word' id='word_1_41' title='bbox 1247 524 1359 560; x_wconf 92' lang='lat' dir='ltr'>dated</span> <span class='ocrx_word' id='word_1_42' title='bbox 1388 536 1399 558; x_wconf 95' lang='lat'><em>1</em></span> <span class='ocrx_word' id='word_1_43' title='bbox 1412 526 1477 570; x_wconf 87' lang='lat'>185</span> <span class='ocrx_word' id='word_1_44' title='bbox 1501 524 1539 560; x_wconf 82' lang='lat' dir='ltr'>of</span> <span class='ocrx_word' id='word_1_45' title='bbox 1566 525 1628 560; x_wconf 90' lang='lat' dir='ltr'>the</span> 
     </span>
     <span class='ocr_line' id='line_1_6' title="bbox 234 582 1630 630; baseline 0.001 -13"><span class='ocrx_word' id='word_1_46' title='bbox 234 582 395 629; x_wconf 86' lang='lat' dir='ltr'>Spanish</span> <span class='ocrx_word' id='word_1_47' title='bbox 418 583 492 617; x_wconf 88' lang='lat' dir='ltr'>Era</span> <span class='ocrx_word' id='word_1_48' title='bbox 506 583 615 627; x_wconf 78' lang='lat' dir='ltr'>(circa</span> <span class='ocrx_word' id='word_1_49' title='bbox 641 595 652 617; x_wconf 89' lang='lat'><em>1</em></span> <span class='ocrx_word' id='word_1_50' title='bbox 666 593 733 627; x_wconf 85' lang='lat'>150</span> <span class='ocrx_word' id='word_1_51' title='bbox 748 585 842 627; x_wconf 87' lang='lat' dir='ltr'>A.D.)‚</span> <span class='ocrx_word' id='word_1_52' title='bbox 863 594 935 617; x_wconf 85' lang='lat' dir='ltr'>was</span> <span class='ocrx_word' id='word_1_53' title='bbox 955 582 1017 618; x_wconf 89' lang='lat' dir='ltr'>the</span> <span class='ocrx_word' id='word_1_54' title='bbox 1038 582 1149 624; x_wconf 86' lang='lat' dir='ltr'><strong>work,</strong></span> <span class='ocrx_word' id='word_1_55' title='bbox 1169 582 1228 617; x_wconf 84' lang='lat' dir='ltr'>De</span> <span class='ocrx_word' id='word_1_56' title='bbox 1244 583 1502 630; x_wconf 74' lang='lat' dir='ltr'><em>compositione</em></span> <span class='ocrx_word' id='word_1_57' title='bbox 1515 588 1630 618; x_wconf 86' lang='lat' dir='ltr'>astro-</span> 
     </span>
     <span class='ocr_line' id='line_1_7' title="bbox 232 640 1630 688; baseline 0.001 -13"><span class='ocrx_word' id='word_1_58' title='bbox 232 641 348 682; x_wconf 51' lang='lat' dir='ltr'>labii?</span> <span class='ocrx_word' id='word_1_59' title='bbox 367 640 489 676; x_wconf 89' lang='lat' dir='ltr'><strong>which</strong></span> <span class='ocrx_word' id='word_1_60' title='bbox 509 640 538 675; x_wconf 91' lang='lat' dir='ltr'>is</span> <span class='ocrx_word' id='word_1_61' title='bbox 558 640 726 676; x_wconf 81' lang='lat' dir='ltr'>ascribed</span> <span class='ocrx_word' id='word_1_62' title='bbox 747 646 784 676; x_wconf 92' lang='lat' dir='ltr'>to</span> <span class='ocrx_word' id='word_1_63' title='bbox 808 640 987 688; x_wconf 86' lang='lat' dir='ltr'>Ptolemy.</span> <span class='ocrx_word' id='word_1_64' title='bbox 1041 640 1125 676; x_wconf 86' lang='lat' dir='ltr'>The</span> <span class='ocrx_word' id='word_1_65' title='bbox 1145 640 1249 687; x_wconf 90' lang='lat' dir='ltr'>place</span> <span class='ocrx_word' id='word_1_66' title='bbox 1269 640 1307 676; x_wconf 80' lang='lat' dir='ltr'>of</span> <span class='ocrx_word' id='word_1_67' title='bbox 1330 640 1579 687; x_wconf 78' lang='lat' dir='ltr'>composition</span> <span class='ocrx_word' id='word_1_68' title='bbox 1600 640 1630 676; x_wconf 90' lang='lat' dir='ltr'>is</span> 
     </span>
     <span class='ocr_line' id='line_1_8' title="bbox 230 698 1630 747; baseline 0 -13"><span class='ocrx_word' id='word_1_69' title='bbox 230 698 344 747; x_wconf 82' lang='lat' dir='ltr'>given</span> <span class='ocrx_word' id='word_1_70' title='bbox 365 698 401 734; x_wconf 94' lang='lat' dir='ltr'>in</span> <span class='ocrx_word' id='word_1_71' title='bbox 422 711 494 734; x_wconf 92' lang='lat' dir='ltr'>one</span> <span class='ocrx_word' id='word_1_72' title='bbox 510 698 739 745; x_wconf 82' lang='lat' dir='ltr'>manuscript</span> <span class='ocrx_word' id='word_1_73' title='bbox 758 711 853 747; x_wconf 88' lang='lat' dir='ltr'>copy</span> <span class='ocrx_word' id='word_1_74' title='bbox 867 711 907 734; x_wconf 89' lang='lat' dir='ltr'>as</span> <span class='ocrx_word' id='word_1_75' title='bbox 930 699 1117 734; x_wconf 77' lang='lat' dir='ltr'>London.³</span> <span class='ocrx_word' id='word_1_76' title='bbox 1172 698 1267 734; x_wconf 85' lang='lat' dir='ltr'><strong>Like</strong></span> <span class='ocrx_word' id='word_1_77' title='bbox 1284 699 1450 735; x_wconf 87' lang='lat' dir='ltr'>Adelard</span> <span class='ocrx_word' id='word_1_78' title='bbox 1466 699 1503 734; x_wconf 85' lang='lat' dir='ltr'>of</span> <span class='ocrx_word' id='word_1_79' title='bbox 1525 699 1630 741; x_wconf 86' lang='lat' dir='ltr'>Bath,</span> 
     </span>
     <span class='ocr_line' id='line_1_9' title="bbox 235 756 1630 805; baseline -0.001 -12"><span class='ocrx_word' id='word_1_80' title='bbox 235 757 377 793; x_wconf 91' lang='lat' dir='ltr'>Robert</span> <span class='ocrx_word' id='word_1_81' title='bbox 396 769 516 793; x_wconf 90' lang='lat' dir='ltr'>seems</span> <span class='ocrx_word' id='word_1_82' title='bbox 536 757 613 792; x_wconf 87' lang='lat' dir='ltr'>also</span> <span class='ocrx_word' id='word_1_83' title='bbox 636 762 675 792; x_wconf 90' lang='lat' dir='ltr'>to</span> <span class='ocrx_word' id='word_1_84' title='bbox 703 757 797 792; x_wconf 91' lang='lat' dir='ltr'>have</span> <span class='ocrx_word' id='word_1_85' title='bbox 817 757 962 793; x_wconf 79' lang='lat' dir='ltr'>written</span> <span class='ocrx_word' id='word_1_86' title='bbox 991 769 1012 792; x_wconf 90' lang='lat' dir='ltr'>a</span> <span class='ocrx_word' id='word_1_87' title='bbox 1039 756 1220 792; x_wconf 90' lang='lat' dir='ltr'>chemical</span> <span class='ocrx_word' id='word_1_88' title='bbox 1240 757 1351 798; x_wconf 85' lang='lat' dir='ltr'>work,</span> <span class='ocrx_word' id='word_1_89' title='bbox 1371 757 1522 805; x_wconf 79' lang='lat' dir='ltr'>dealing</span> <span class='ocrx_word' id='word_1_90' title='bbox 1541 757 1630 792; x_wconf 89' lang='lat' dir='ltr'>with</span> 
     </span>
     <span class='ocr_line' id='line_1_10' title="bbox 231 815 1634 863; baseline 0.001 -13"><span class='ocrx_word' id='word_1_91' title='bbox 231 815 421 863; x_wconf 87' lang='lat' dir='ltr'>pigments</span> <span class='ocrx_word' id='word_1_92' title='bbox 441 815 514 851; x_wconf 92' lang='lat' dir='ltr'>and</span> <span class='ocrx_word' id='word_1_93' title='bbox 535 816 643 851; x_wconf 88' lang='lat' dir='ltr'>other</span> <span class='ocrx_word' id='word_1_94' title='bbox 664 815 872 851; x_wconf 83' lang='lat' dir='ltr'>associated</span> <span class='ocrx_word' id='word_1_95' title='bbox 898 815 1027 862; x_wconf 82' lang='lat' dir='ltr'>topiCS‚</span> <span class='ocrx_word' id='word_1_96' title='bbox 1048 815 1204 851; x_wconf 86' lang='lat' dir='ltr'>entitled</span> <span class='ocrx_word' id='word_1_97' title='bbox 1224 816 1340 851; x_wconf 82' lang='lat' dir='ltr'>Liber</span> <span class='ocrx_word' id='word_1_98' title='bbox 1365 817 1540 851; x_wconf 80' lang='lat' dir='ltr'>metricus</span> <span class='ocrx_word' id='word_1_99' title='bbox 1566 816 1634 863; x_wconf 82' lang='lat' dir='ltr'>qui</span> 
     </span>
     <span class='ocr_line' id='line_1_11' title="bbox 231 873 1629 922; baseline -0.001 -13"><span class='ocrx_word' id='word_1_100' title='bbox 231 874 375 909; x_wconf 85' lang='lat' dir='ltr'>dicitur</span> <span class='ocrx_word' id='word_1_101' title='bbox 391 875 538 922; x_wconf 75' lang='lat' dir='ltr'>Mappa</span> <span class='ocrx_word' id='word_1_102' title='bbox 556 874 766 909; x_wconf 79' lang='lat' dir='ltr'>claviculae.</span> <span class='ocrx_word' id='word_1_103' title='bbox 821 873 915 908; x_wconf 90' lang='lat' dir='ltr'>This</span> <span class='ocrx_word' id='word_1_104' title='bbox 935 873 1092 915; x_wconf 88' lang='lat' dir='ltr'>version,</span> <span class='ocrx_word' id='word_1_105' title='bbox 1114 873 1240 909; x_wconf 87' lang='lat' dir='ltr'>Greek</span> <span class='ocrx_word' id='word_1_106' title='bbox 1259 873 1296 908; x_wconf 92' lang='lat' dir='ltr'>in</span> <span class='ocrx_word' id='word_1_107' title='bbox 1321 873 1367 909; x_wconf 92' lang='lat' dir='ltr'>its</span> <span class='ocrx_word' id='word_1_108' title='bbox 1387 873 1519 922; x_wconf 85' lang='lat' dir='ltr'>origin,</span> <span class='ocrx_word' id='word_1_109' title='bbox 1539 873 1569 909; x_wconf 93' lang='lat' dir='ltr'>is</span> <span class='ocrx_word' id='word_1_110' title='bbox 1593 873 1629 908; x_wconf 91' lang='lat' dir='ltr'>in</span> 
     </span>
     <span class='ocr_line' id='line_1_12' title="bbox 233 932 362 967; baseline 0 0"><span class='ocrx_word' id='word_1_111' title='bbox 233 932 362 967; x_wconf 69' lang='lat' dir='ltr'>verse.4</span> 
     </span>
    </p>
   </div>
   <div class='ocr_carea' id='block_1_3' title="bbox 231 989 1632 1096">
    <p class='ocr_par' dir='ltr' id='par_1_3' title="bbox 231 989 1632 1096">
     <span class='ocr_line' id='line_1_13' title="bbox 284 989 1632 1038; baseline 0 -13"><span class='ocrx_word' id='word_1_112' title='bbox 284 991 346 1025; x_wconf 85' lang='lat' dir='ltr'>An</span> <span class='ocrx_word' id='word_1_113' title='bbox 383 990 620 1038; x_wconf 87' lang='lat' dir='ltr'>astrological</span> <span class='ocrx_word' id='word_1_114' title='bbox 658 989 770 1031; x_wconf 87' lang='lat' dir='ltr'>work,</span> <span class='ocrx_word' id='word_1_115' title='bbox 798 990 951 1025; x_wconf 89' lang='lat' dir='ltr'>entitled</span> <span class='ocrx_word' id='word_1_116' title='bbox 983 990 1137 1033; x_wconf 73' lang='lat' dir='ltr'>judicia</span> <span class='ocrx_word' id='word_1_117' title='bbox 1173 990 1345 1026; x_wconf 76' lang='lat' dir='ltr'><em>Alkz&#39;ndz’</em></span> <span class='ocrx_word' id='word_1_118' title='bbox 1377 991 1559 1038; x_wconf 79' lang='lat' dir='ltr'>astrologi</span> <span class='ocrx_word' id='word_1_119' title='bbox 1591 1003 1632 1026; x_wconf 95' lang='lat' dir='ltr'>or</span> 
     </span>
     <span class='ocr_line' id='line_1_14' title="bbox 231 1047 1632 1096; baseline 0 -13"><span class='ocrx_word' id='word_1_120' title='bbox 231 1048 292 1083; x_wconf 84' lang='lat' dir='ltr'>De</span> <span class='ocrx_word' id='word_1_121' title='bbox 298 1049 462 1096; x_wconf 77' lang='lat' dir='ltr'>judiciis</span> <span class='ocrx_word' id='word_1_122' title='bbox 480 1054 682 1089; x_wconf 74' lang='lat' dir='ltr'><em>astrorum,</em></span> <span class='ocrx_word' id='word_1_123' title='bbox 703 1047 825 1083; x_wconf 88' lang='lat' dir='ltr'>which</span> <span class='ocrx_word' id='word_1_124' title='bbox 847 1060 919 1083; x_wconf 90' lang='lat' dir='ltr'>was</span> <span class='ocrx_word' id='word_1_125' title='bbox 940 1047 1085 1083; x_wconf 88' lang='lat' dir='ltr'>written</span> <span class='ocrx_word' id='word_1_126' title='bbox 1110 1048 1158 1096; x_wconf 90' lang='lat' dir='ltr'>by</span> <span class='ocrx_word' id='word_1_127' title='bbox 1177 1048 1239 1084; x_wconf 89' lang='lat' dir='ltr'>the</span> <span class='ocrx_word' id='word_1_128' title='bbox 1262 1054 1367 1096; x_wconf 84' lang='lat' dir='ltr'>great</span> <span class='ocrx_word' id='word_1_129' title='bbox 1391 1048 1530 1084; x_wconf 87' lang='lat' dir='ltr'>Arabic</span> <span class='ocrx_word' id='word_1_130' title='bbox 1553 1048 1632 1095; x_wconf 94' lang='lat' dir='ltr'>phi-</span> 
     </span>
    </p>
   </div>
   <div class='ocr_carea' id='block_1_4' title="bbox 231 1164 1635 2630">
    <p class='ocr_par' dir='ltr' id='par_1_4' title="bbox 233 1164 1632 1285">
     <span class='ocr_line' id='line_1_15' title="bbox 285 1164 1631 1199; baseline -0.001 -9"><span class='ocrx_word' id='word_1_131' title='bbox 285 1165 333 1198; x_wconf 93' lang='lat' dir='ltr'>¹J.</span> <span class='ocrx_word' id='word_1_132' title='bbox 353 1165 379 1198; x_wconf 89' lang='lat' dir='ltr'>J.</span> <span class='ocrx_word' id='word_1_133' title='bbox 399 1166 523 1199; x_wconf 86' lang='lat' dir='ltr'>Manget,</span> <span class='ocrx_word' id='word_1_134' title='bbox 541 1164 705 1190; x_wconf 73' lang='lat' dir='ltr'><em>Bibliotheca</em></span> <span class='ocrx_word' id='word_1_135' title='bbox 729 1164 851 1190; x_wconf 78' lang='lat' dir='ltr'>Clzemica</span> <span class='ocrx_word' id='word_1_136' title='bbox 880 1164 996 1190; x_wconf 84' lang='lat' dir='ltr'>Curiosa</span> <span class='ocrx_word' id='word_1_137' title='bbox 1018 1164 1152 1198; x_wconf 85' lang='lat' dir='ltr'>(Geneva,</span> <span class='ocrx_word' id='word_1_138' title='bbox 1179 1165 1269 1197; x_wconf 83' lang='lat'>1702),</span> <span class='ocrx_word' id='word_1_139' title='bbox 1290 1164 1353 1191; x_wconf 92' lang='lat' dir='ltr'>Vol.</span> <span class='ocrx_word' id='word_1_140' title='bbox 1383 1165 1403 1193; x_wconf 75' lang='grc' dir='ltr'>Ι,</span> <span class='ocrx_word' id='word_1_141' title='bbox 1429 1173 1474 1198; x_wconf 88' lang='lat' dir='ltr'>pp.</span> <span class='ocrx_word' id='word_1_142' title='bbox 1503 1172 1631 1198; x_wconf 82' lang='grc'>509-519,</span> 
     </span>
     <span class='ocr_line' id='line_1_16' title="bbox 233 1207 1632 1242; baseline -0.001 -8"><span class='ocrx_word' id='word_1_143' title='bbox 233 1208 314 1234; x_wconf 87' lang='lat' dir='ltr'>Liber</span> <span class='ocrx_word' id='word_1_144' title='bbox 335 1209 377 1234; x_wconf 90' lang='lat' dir='ltr'>De</span> <span class='ocrx_word' id='word_1_145' title='bbox 400 1208 598 1241; x_wconf 84' lang='lat' dir='ltr'>compositione</span> <span class='ocrx_word' id='word_1_146' title='bbox 618 1207 786 1236; x_wconf 82' lang='lat' dir='ltr'>Alchemiae,</span> <span class='ocrx_word' id='word_1_147' title='bbox 801 1216 881 1241; x_wconf 88' lang='lat' dir='ltr'>quem</span> <span class='ocrx_word' id='word_1_148' title='bbox 900 1207 986 1233; x_wconf 87' lang='lat' dir='ltr'>edidit</span> <span class='ocrx_word' id='word_1_149' title='bbox 1007 1208 1147 1233; x_wconf 88' lang='lat' dir='ltr'>Morienus</span> <span class='ocrx_word' id='word_1_150' title='bbox 1168 1209 1317 1239; x_wconf 82' lang='lat' dir='ltr'>Romanus,</span> <span class='ocrx_word' id='word_1_151' title='bbox 1336 1208 1414 1234; x_wconf 88' lang='lat' dir='ltr'>Calid</span> <span class='ocrx_word' id='word_1_152' title='bbox 1435 1208 1504 1242; x_wconf 87' lang='lat' dir='ltr'>Regi</span> <span class='ocrx_word' id='word_1_153' title='bbox 1524 1208 1632 1242; x_wconf 87' lang='lat' dir='ltr'>Aegyp-</span> 
     </span>
     <span class='ocr_line' id='line_1_17' title="bbox 233 1250 1285 1285; baseline -0.001 -8"><span class='ocrx_word' id='word_1_154' title='bbox 233 1256 321 1278; x_wconf 85' lang='lat' dir='ltr'>torum</span> <span class='ocrx_word' id='word_1_155' title='bbox 336 1261 342 1283; x_wconf 77' lang='lat'><em>3</em></span> <span class='ocrx_word' id='word_1_156' title='bbox 363 1260 443 1285; x_wconf 91' lang='lat' dir='ltr'>quem</span> <span class='ocrx_word' id='word_1_157' title='bbox 459 1251 595 1277; x_wconf 87' lang='lat' dir='ltr'>Robertus</span> <span class='ocrx_word' id='word_1_158' title='bbox 609 1250 763 1277; x_wconf 83' lang='lat' dir='ltr'>Castrensis</span> <span class='ocrx_word' id='word_1_159' title='bbox 777 1250 811 1276; x_wconf 88' lang='lat' dir='ltr'>de</span> <span class='ocrx_word' id='word_1_160' title='bbox 825 1251 944 1277; x_wconf 86' lang='lat' dir='ltr'>Arabico</span> <span class='ocrx_word' id='word_1_161' title='bbox 958 1251 986 1276; x_wconf 89' lang='lat' dir='ltr'>in</span> <span class='ocrx_word' id='word_1_162' title='bbox 1001 1251 1125 1276; x_wconf 87' lang='lat' dir='ltr'>Latinum</span> <span class='ocrx_word' id='word_1_163' title='bbox 1140 1251 1285 1277; x_wconf 86' lang='lat' dir='ltr'>transtulit.</span> 
     </span>
    </p>

    <p class='ocr_par' dir='ltr' id='par_1_5' title="bbox 231 1294 1633 1799">
     <span class='ocr_line' id='line_1_18' title="bbox 285 1294 1631 1329; baseline -0.001 -9"><span class='ocrx_word' id='word_1_164' title='bbox 285 1295 346 1321; x_wconf 91' lang='lat' dir='ltr'>The</span> <span class='ocrx_word' id='word_1_165' title='bbox 360 1295 490 1329; x_wconf 87' lang='lat' dir='ltr'>prologue</span> <span class='ocrx_word' id='word_1_166' title='bbox 505 1294 601 1329; x_wconf 85' lang='lat' dir='ltr'>begins</span> <span class='ocrx_word' id='word_1_167' title='bbox 618 1304 623 1319; x_wconf 83' lang='lat' dir='ltr'>z</span> <span class='ocrx_word' id='word_1_168' title='bbox 644 1294 779 1320; x_wconf 85' lang='lat' dir='ltr'>Praefatio</span> <span class='ocrx_word' id='word_1_169' title='bbox 794 1294 956 1320; x_wconf 85' lang='lat' dir='ltr'>Castrensis.</span> <span class='ocrx_word' id='word_1_170' title='bbox 996 1294 1122 1328; x_wconf 86' lang='lat' dir='ltr'>Legimus</span> <span class='ocrx_word' id='word_1_171' title='bbox 1141 1294 1169 1320; x_wconf 93' lang='lat' dir='ltr'>in</span> <span class='ocrx_word' id='word_1_172' title='bbox 1188 1295 1318 1321; x_wconf 89' lang='lat' dir='ltr'>Historiis</span> <span class='ocrx_word' id='word_1_173' title='bbox 1333 1299 1452 1321; x_wconf 89' lang='lat' dir='ltr'>veterum</span> <span class='ocrx_word' id='word_1_174' title='bbox 1470 1294 1631 1326; x_wconf 83' lang='lat' dir='ltr'>divinorum,</span> 
     </span>
     <span class='ocr_line' id='line_1_19' title="bbox 232 1337 1631 1371; baseline -0.001 -7"><span class='ocrx_word' id='word_1_175' title='bbox 232 1343 286 1364; x_wconf 89' lang='lat' dir='ltr'>tres</span> <span class='ocrx_word' id='word_1_176' title='bbox 306 1338 389 1364; x_wconf 84' lang='lat' dir='ltr'>fuisse</span> <span class='ocrx_word' id='word_1_177' title='bbox 409 1338 602 1371; x_wconf 79' lang='lat' dir='ltr'>Philosophos,</span> <span class='ocrx_word' id='word_1_178' title='bbox 619 1346 731 1371; x_wconf 90' lang='lat' dir='ltr'>quorum</span> <span class='ocrx_word' id='word_1_179' title='bbox 752 1338 936 1371; x_wconf 85' lang='lat' dir='ltr'>unusquisque</span> <span class='ocrx_word' id='word_1_180' title='bbox 957 1338 1073 1363; x_wconf 87' lang='lat' dir='ltr'>Hermes</span> <span class='ocrx_word' id='word_1_181' title='bbox 1093 1337 1246 1364; x_wconf 87' lang='lat' dir='ltr'>vocabatur.</span> <span class='ocrx_word' id='word_1_182' title='bbox 1270 1358 1275 1363; x_wconf 93' lang='lat'>.</span> <span class='ocrx_word' id='word_1_183' title='bbox 1299 1357 1304 1363; x_wconf 98' lang='lat'>.</span> <span class='ocrx_word' id='word_1_184' title='bbox 1328 1358 1333 1363; x_wconf 85' lang='lat'>.</span> <span class='ocrx_word' id='word_1_185' title='bbox 1374 1338 1428 1364; x_wconf 86' lang='lat' dir='ltr'>Sed</span> <span class='ocrx_word' id='word_1_186' title='bbox 1449 1347 1508 1368; x_wconf 80' lang='lat' dir='ltr'>nos,</span> <span class='ocrx_word' id='word_1_187' title='bbox 1522 1338 1584 1364; x_wconf 91' lang='lat' dir='ltr'>licet</span> <span class='ocrx_word' id='word_1_188' title='bbox 1604 1338 1631 1363; x_wconf 88' lang='lat' dir='ltr'>in</span> 
     </span>
     <span class='ocr_line' id='line_1_20' title="bbox 232 1381 1632 1416; baseline -0.001 -9"><span class='ocrx_word' id='word_1_189' title='bbox 232 1382 312 1408; x_wconf 88' lang='lat' dir='ltr'>nobis</span> <span class='ocrx_word' id='word_1_190' title='bbox 327 1382 425 1416; x_wconf 89' lang='lat' dir='ltr'>juvene</span> <span class='ocrx_word' id='word_1_191' title='bbox 439 1382 474 1407; x_wconf 86' lang='lat' dir='ltr'>sit</span> <span class='ocrx_word' id='word_1_192' title='bbox 488 1381 636 1415; x_wconf 73' lang='lat' dir='ltr'>ingenium,</span> <span class='ocrx_word' id='word_1_193' title='bbox 651 1386 677 1407; x_wconf 84' lang='lat' dir='ltr'>et</span> <span class='ocrx_word' id='word_1_194' title='bbox 691 1381 810 1407; x_wconf 85' lang='lat' dir='ltr'>latinitas</span> <span class='ocrx_word' id='word_1_195' title='bbox 824 1381 994 1414; x_wconf 82' lang='lat' dir='ltr'>permodica:</span> <span class='ocrx_word' id='word_1_196' title='bbox 1015 1381 1068 1407; x_wconf 88' lang='lat' dir='ltr'>hoc</span> <span class='ocrx_word' id='word_1_197' title='bbox 1082 1385 1173 1407; x_wconf 89' lang='lat' dir='ltr'>tamen</span> <span class='ocrx_word' id='word_1_198' title='bbox 1187 1385 1292 1407; x_wconf 88' lang='lat' dir='ltr'>tantum</span> <span class='ocrx_word' id='word_1_199' title='bbox 1304 1390 1336 1407; x_wconf 90' lang='lat' dir='ltr'>ac</span> <span class='ocrx_word' id='word_1_200' title='bbox 1353 1386 1407 1407; x_wconf 85' lang='lat' dir='ltr'>tam</span> <span class='ocrx_word' id='word_1_201' title='bbox 1422 1390 1549 1415; x_wconf 87' lang='lat' dir='ltr'>magnum</span> <span class='ocrx_word' id='word_1_202' title='bbox 1564 1390 1632 1414; x_wconf 88' lang='lat' dir='ltr'>opus</span> 
     </span>
     <span class='ocr_line' id='line_1_21' title="bbox 231 1424 1631 1459; baseline 0 -9"><span class='ocrx_word' id='word_1_203' title='bbox 231 1426 267 1451; x_wconf 88' lang='lat' dir='ltr'>ad</span> <span class='ocrx_word' id='word_1_204' title='bbox 281 1425 497 1451; x_wconf 89' lang='lat' dir='ltr'>transferendum</span> <span class='ocrx_word' id='word_1_205' title='bbox 512 1425 545 1451; x_wconf 89' lang='lat' dir='ltr'>de</span> <span class='ocrx_word' id='word_1_206' title='bbox 560 1425 678 1451; x_wconf 85' lang='lat' dir='ltr'>Arabico</span> <span class='ocrx_word' id='word_1_207' title='bbox 692 1425 719 1450; x_wconf 91' lang='lat' dir='ltr'>in</span> <span class='ocrx_word' id='word_1_208' title='bbox 737 1425 863 1450; x_wconf 89' lang='lat' dir='ltr'>Latinum</span> <span class='ocrx_word' id='word_1_209' title='bbox 881 1425 1059 1458; x_wconf 86' lang='lat' dir='ltr'>suscepimus.</span> <span class='ocrx_word' id='word_1_210' title='bbox 1100 1425 1180 1450; x_wconf 90' lang='lat' dir='ltr'>Vnde</span> <span class='ocrx_word' id='word_1_211' title='bbox 1200 1429 1226 1450; x_wconf 91' lang='lat' dir='ltr'>et</span> <span class='ocrx_word' id='word_1_212' title='bbox 1246 1425 1279 1450; x_wconf 87' lang='lat' dir='ltr'>de</span> <span class='ocrx_word' id='word_1_213' title='bbox 1299 1425 1427 1459; x_wconf 87' lang='lat' dir='ltr'>singulari</span> <span class='ocrx_word' id='word_1_214' title='bbox 1446 1425 1533 1459; x_wconf 83' lang='lat' dir='ltr'>gratia</span> <span class='ocrx_word' id='word_1_215' title='bbox 1552 1424 1631 1450; x_wconf 89' lang='lat' dir='ltr'>nobis</span> 
     </span>
     <span class='ocr_line' id='line_1_22' title="bbox 232 1468 1630 1502; baseline -0.002 -7"><span class='ocrx_word' id='word_1_216' title='bbox 232 1478 248 1495; x_wconf 88' lang='lat' dir='ltr'>a</span> <span class='ocrx_word' id='word_1_217' title='bbox 258 1471 319 1495; x_wconf 92' lang='lat' dir='ltr'>Deo</span> <span class='ocrx_word' id='word_1_218' title='bbox 329 1469 400 1494; x_wconf 88' lang='lat' dir='ltr'>inter</span> <span class='ocrx_word' id='word_1_219' title='bbox 411 1469 556 1494; x_wconf 89' lang='lat' dir='ltr'>modernos</span> <span class='ocrx_word' id='word_1_220' title='bbox 567 1469 673 1499; x_wconf 80' lang='lat' dir='ltr'>collata,</span> <span class='ocrx_word' id='word_1_221' title='bbox 684 1477 804 1493; x_wconf 85' lang='lat' dir='ltr'>summas</span> <span class='ocrx_word' id='word_1_222' title='bbox 818 1468 855 1493; x_wconf 93' lang='lat' dir='ltr'>illi</span> <span class='ocrx_word' id='word_1_223' title='bbox 867 1469 928 1494; x_wconf 92' lang='lat' dir='ltr'>Deo</span> <span class='ocrx_word' id='word_1_224' title='bbox 939 1469 1009 1497; x_wconf 75' lang='lat' dir='ltr'>vivo,</span> <span class='ocrx_word' id='word_1_225' title='bbox 1019 1468 1064 1501; x_wconf 89' lang='lat' dir='ltr'>qui</span> <span class='ocrx_word' id='word_1_226' title='bbox 1076 1468 1161 1493; x_wconf 89' lang='lat' dir='ltr'>trinus</span> <span class='ocrx_word' id='word_1_227' title='bbox 1173 1472 1246 1493; x_wconf 85' lang='lat' dir='ltr'>extat</span> <span class='ocrx_word' id='word_1_228' title='bbox 1256 1473 1282 1494; x_wconf 90' lang='lat' dir='ltr'>et</span> <span class='ocrx_word' id='word_1_229' title='bbox 1293 1477 1370 1496; x_wconf 67' lang='lat' dir='ltr'>unus,</span> <span class='ocrx_word' id='word_1_230' title='bbox 1381 1473 1471 1502; x_wconf 87' lang='lat' dir='ltr'>grates</span> <span class='ocrx_word' id='word_1_231' title='bbox 1482 1468 1630 1494; x_wconf 87' lang='lat' dir='ltr'>referimus.</span> 
     </span>
     <span class='ocr_line' id='line_1_23' title="bbox 233 1512 1631 1546; baseline -0.001 -7"><span class='ocrx_word' id='word_1_232' title='bbox 233 1514 342 1539; x_wconf 86' lang='lat' dir='ltr'>Nomen</span> <span class='ocrx_word' id='word_1_233' title='bbox 361 1517 452 1538; x_wconf 90' lang='lat' dir='ltr'>autem</span> <span class='ocrx_word' id='word_1_234' title='bbox 472 1521 562 1538; x_wconf 88' lang='lat' dir='ltr'>meum</span> <span class='ocrx_word' id='word_1_235' title='bbox 582 1512 609 1537; x_wconf 92' lang='lat' dir='ltr'>in</span> <span class='ocrx_word' id='word_1_236' title='bbox 629 1512 761 1545; x_wconf 86' lang='lat' dir='ltr'>principio</span> <span class='ocrx_word' id='word_1_237' title='bbox 782 1512 891 1546; x_wconf 90' lang='lat' dir='ltr'>Prologi</span> <span class='ocrx_word' id='word_1_238' title='bbox 914 1512 995 1538; x_wconf 87' lang='lat' dir='ltr'>taceri</span> <span class='ocrx_word' id='word_1_239' title='bbox 1022 1521 1076 1538; x_wconf 92' lang='lat' dir='ltr'>non</span> <span class='ocrx_word' id='word_1_240' title='bbox 1102 1512 1211 1545; x_wconf 83' lang='lat' dir='ltr'>placuit,</span> <span class='ocrx_word' id='word_1_241' title='bbox 1231 1521 1266 1538; x_wconf 89' lang='lat' dir='ltr'>ne</span> <span class='ocrx_word' id='word_1_242' title='bbox 1290 1512 1386 1545; x_wconf 90' lang='lat' dir='ltr'>aliquis</span> <span class='ocrx_word' id='word_1_243' title='bbox 1412 1512 1484 1537; x_wconf 87' lang='lat' dir='ltr'>hunc</span> <span class='ocrx_word' id='word_1_244' title='bbox 1510 1516 1631 1537; x_wconf 84' lang='lat' dir='ltr'>nostrum</span> 
     </span>
     <span class='ocr_line' id='line_1_24' title="bbox 232 1555 1630 1589; baseline -0.001 -8"><span class='ocrx_word' id='word_1_245' title='bbox 232 1556 352 1582; x_wconf 88' lang='lat' dir='ltr'>laborem</span> <span class='ocrx_word' id='word_1_246' title='bbox 367 1556 419 1582; x_wconf 87' lang='lat' dir='ltr'>sibi</span> <span class='ocrx_word' id='word_1_247' title='bbox 433 1560 590 1583; x_wconf 81' lang='lat' dir='ltr'>assumeret.</span> <span class='ocrx_word' id='word_1_248' title='bbox 605 1560 631 1581; x_wconf 90' lang='lat' dir='ltr'>et</span> <span class='ocrx_word' id='word_1_249' title='bbox 647 1555 728 1581; x_wconf 87' lang='lat' dir='ltr'>etiam</span> <span class='ocrx_word' id='word_1_250' title='bbox 747 1555 803 1589; x_wconf 86' lang='lat' dir='ltr'>ejus</span> <span class='ocrx_word' id='word_1_251' title='bbox 824 1556 930 1581; x_wconf 88' lang='lat' dir='ltr'>laudem</span> <span class='ocrx_word' id='word_1_252' title='bbox 950 1560 976 1581; x_wconf 91' lang='lat' dir='ltr'>et</span> <span class='ocrx_word' id='word_1_253' title='bbox 997 1556 1119 1581; x_wconf 88' lang='lat' dir='ltr'>meritum</span> <span class='ocrx_word' id='word_1_254' title='bbox 1140 1555 1191 1581; x_wconf 89' lang='lat' dir='ltr'>sibi</span> <span class='ocrx_word' id='word_1_255' title='bbox 1211 1555 1288 1589; x_wconf 88' lang='lat' dir='ltr'>quasi</span> <span class='ocrx_word' id='word_1_256' title='bbox 1307 1555 1444 1589; x_wconf 86' lang='lat' dir='ltr'>proprium</span> <span class='ocrx_word' id='word_1_257' title='bbox 1465 1555 1630 1580; x_wconf 82' lang='lat' dir='ltr'>vendicaret.</span> 
     </span>
     <span class='ocr_line' id='line_1_25' title="bbox 233 1599 1633 1633; baseline -0.001 -8"><span class='ocrx_word' id='word_1_258' title='bbox 233 1600 305 1633; x_wconf 88' lang='lat' dir='ltr'>Quid</span> <span class='ocrx_word' id='word_1_259' title='bbox 324 1599 464 1633; x_wconf 87' lang='lat' dir='ltr'>amplius?</span> <span class='ocrx_word' id='word_1_260' title='bbox 493 1599 630 1625; x_wconf 89' lang='lat' dir='ltr'>humiliter</span> <span class='ocrx_word' id='word_1_261' title='bbox 648 1608 744 1625; x_wconf 90' lang='lat' dir='ltr'>omnes</span> <span class='ocrx_word' id='word_1_262' title='bbox 764 1608 831 1633; x_wconf 88' lang='lat' dir='ltr'>rogo</span> <span class='ocrx_word' id='word_1_263' title='bbox 851 1603 877 1625; x_wconf 90' lang='lat' dir='ltr'>et</span> <span class='ocrx_word' id='word_1_264' title='bbox 897 1599 1020 1631; x_wconf 79' lang='lat' dir='ltr'>obsecro,</span> <span class='ocrx_word' id='word_1_265' title='bbox 1035 1607 1068 1625; x_wconf 88' lang='lat' dir='ltr'>ne</span> <span class='ocrx_word' id='word_1_266' title='bbox 1088 1599 1147 1632; x_wconf 89' lang='lat' dir='ltr'>quis</span> <span class='ocrx_word' id='word_1_267' title='bbox 1167 1603 1321 1625; x_wconf 86' lang='lat' dir='ltr'>nostrorum</span> <span class='ocrx_word' id='word_1_268' title='bbox 1341 1607 1404 1632; x_wconf 84' lang='lat' dir='ltr'>erga</span> <span class='ocrx_word' id='word_1_269' title='bbox 1423 1607 1512 1624; x_wconf 89' lang='lat' dir='ltr'>meum</span> <span class='ocrx_word' id='word_1_270' title='bbox 1533 1606 1633 1624; x_wconf 89' lang='lat' dir='ltr'>nomen</span> 
     </span>
     <span class='ocr_line' id='line_1_26' title="bbox 233 1641 1632 1676; baseline -0.001 -8"><span class='ocrx_word' id='word_1_271' title='bbox 233 1643 331 1669; x_wconf 88' lang='lat' dir='ltr'>mentis</span> <span class='ocrx_word' id='word_1_272' title='bbox 346 1643 429 1668; x_wconf 88' lang='lat' dir='ltr'>livore</span> <span class='ocrx_word' id='word_1_273' title='bbox 446 1643 533 1676; x_wconf 92' lang='lat' dir='ltr'>(quod</span> <span class='ocrx_word' id='word_1_274' title='bbox 547 1651 627 1676; x_wconf 85' lang='lat' dir='ltr'>saepe</span> <span class='ocrx_word' id='word_1_275' title='bbox 640 1651 656 1667; x_wconf 89' lang='lat' dir='ltr'>a</span> <span class='ocrx_word' id='word_1_276' title='bbox 670 1642 760 1668; x_wconf 91' lang='lat' dir='ltr'>multis</span> <span class='ocrx_word' id='word_1_277' title='bbox 776 1642 832 1668; x_wconf 90' lang='lat' dir='ltr'>fieri</span> <span class='ocrx_word' id='word_1_278' title='bbox 851 1643 1006 1675; x_wconf 87' lang='lat' dir='ltr'>consuevit)</span> <span class='ocrx_word' id='word_1_279' title='bbox 1023 1642 1155 1668; x_wconf 85' lang='lat' dir='ltr'>tabescat.</span> <span class='ocrx_word' id='word_1_280' title='bbox 1195 1642 1251 1668; x_wconf 84' lang='lat' dir='ltr'>Scit</span> <span class='ocrx_word' id='word_1_281' title='bbox 1272 1650 1387 1676; x_wconf 87' lang='lat' dir='ltr'>namque</span> <span class='ocrx_word' id='word_1_282' title='bbox 1408 1643 1482 1667; x_wconf 90' lang='lat' dir='ltr'>Deus</span> <span class='ocrx_word' id='word_1_283' title='bbox 1503 1641 1632 1672; x_wconf 83' lang='lat' dir='ltr'>omnium,</span> 
     </span>
     <span class='ocr_line' id='line_1_27' title="bbox 233 1684 1632 1720; baseline -0.001 -9"><span class='ocrx_word' id='word_1_284' title='bbox 233 1686 274 1712; x_wconf 93' lang='lat' dir='ltr'>cui</span> <span class='ocrx_word' id='word_1_285' title='bbox 288 1695 364 1711; x_wconf 88' lang='lat' dir='ltr'>suam</span> <span class='ocrx_word' id='word_1_286' title='bbox 378 1686 497 1712; x_wconf 86' lang='lat' dir='ltr'>conferat</span> <span class='ocrx_word' id='word_1_287' title='bbox 511 1686 624 1720; x_wconf 80' lang='lat' dir='ltr'>gratiam</span> <span class='ocrx_word' id='word_1_288' title='bbox 640 1696 644 1710; x_wconf 83' lang='lat' dir='ltr'>z</span> <span class='ocrx_word' id='word_1_289' title='bbox 666 1690 691 1711; x_wconf 88' lang='lat' dir='ltr'>et</span> <span class='ocrx_word' id='word_1_290' title='bbox 708 1686 817 1719; x_wconf 81' lang='lat' dir='ltr'>spiritus</span> <span class='ocrx_word' id='word_1_291' title='bbox 838 1694 870 1711; x_wconf 84' lang='lat' dir='ltr'>ex</span> <span class='ocrx_word' id='word_1_292' title='bbox 889 1686 976 1719; x_wconf 83' lang='lat' dir='ltr'>gratia</span> <span class='ocrx_word' id='word_1_293' title='bbox 996 1686 1126 1719; x_wconf 82' lang='lat' dir='ltr'>procedit.</span> <span class='ocrx_word' id='word_1_294' title='bbox 1141 1685 1185 1719; x_wconf 93' lang='lat' dir='ltr'>qui</span> <span class='ocrx_word' id='word_1_295' title='bbox 1206 1694 1274 1719; x_wconf 88' lang='lat' dir='ltr'>quos</span> <span class='ocrx_word' id='word_1_296' title='bbox 1294 1686 1350 1710; x_wconf 88' lang='lat' dir='ltr'>vult</span> <span class='ocrx_word' id='word_1_297' title='bbox 1370 1685 1492 1718; x_wconf 88' lang='lat' dir='ltr'>inspirat.</span> <span class='ocrx_word' id='word_1_298' title='bbox 1532 1684 1632 1710; x_wconf 89' lang='lat' dir='ltr'>Merito</span> 
     </span>
     <span class='ocr_line' id='line_1_28' title="bbox 233 1728 1631 1764; baseline -0.001 -9"><span class='ocrx_word' id='word_1_299' title='bbox 233 1730 314 1764; x_wconf 90' lang='lat' dir='ltr'>igitur</span> <span class='ocrx_word' id='word_1_300' title='bbox 333 1730 452 1763; x_wconf 86' lang='lat' dir='ltr'>gaudere</span> <span class='ocrx_word' id='word_1_301' title='bbox 472 1729 604 1755; x_wconf 88' lang='lat' dir='ltr'>debemus</span> <span class='ocrx_word' id='word_1_302' title='bbox 627 1738 708 1763; x_wconf 84' lang='lat' dir='ltr'>quum</span> <span class='ocrx_word' id='word_1_303' title='bbox 730 1729 851 1754; x_wconf 89' lang='lat' dir='ltr'>omnium</span> <span class='ocrx_word' id='word_1_304' title='bbox 875 1730 987 1755; x_wconf 84' lang='lat' dir='ltr'>Creator</span> <span class='ocrx_word' id='word_1_305' title='bbox 1010 1733 1035 1755; x_wconf 91' lang='lat' dir='ltr'>et</span> <span class='ocrx_word' id='word_1_306' title='bbox 1057 1729 1183 1755; x_wconf 90' lang='lat' dir='ltr'>conditor</span> <span class='ocrx_word' id='word_1_307' title='bbox 1202 1729 1328 1754; x_wconf 86' lang='lat' dir='ltr'>omnibus</span> <span class='ocrx_word' id='word_1_308' title='bbox 1349 1728 1425 1762; x_wconf 89' lang='lat' dir='ltr'>quasi</span> <span class='ocrx_word' id='word_1_309' title='bbox 1445 1728 1631 1761; x_wconf 87' lang='lat' dir='ltr'>particularem</span> 
     </span>
     <span class='ocr_line' id='line_1_29' title="bbox 233 1773 649 1799; baseline 0 -1"><span class='ocrx_word' id='word_1_310' title='bbox 233 1782 308 1799; x_wconf 87' lang='lat' dir='ltr'>suam</span> <span class='ocrx_word' id='word_1_311' title='bbox 323 1777 456 1799; x_wconf 88' lang='lat' dir='ltr'>monstret</span> <span class='ocrx_word' id='word_1_312' title='bbox 471 1773 649 1798; x_wconf 84' lang='lat' dir='ltr'>divinitatem.</span> 
     </span>
    </p>

    <p class='ocr_par' dir='ltr' id='par_1_6' title="bbox 233 1815 1633 2016">
     <span class='ocr_line' id='line_1_30' title="bbox 286 1815 1632 1850; baseline -0.001 -8"><span class='ocrx_word' id='word_1_313' title='bbox 286 1817 346 1842; x_wconf 87' lang='lat' dir='ltr'>The</span> <span class='ocrx_word' id='word_1_314' title='bbox 360 1817 468 1842; x_wconf 76' lang='lat' dir='ltr'>treatise</span> <span class='ocrx_word' id='word_1_315' title='bbox 483 1816 558 1841; x_wconf 88' lang='lat' dir='ltr'>itself</span> <span class='ocrx_word' id='word_1_316' title='bbox 567 1816 664 1850; x_wconf 87' lang='lat' dir='ltr'>begins</span> <span class='ocrx_word' id='word_1_317' title='bbox 680 1826 684 1840; x_wconf 92' lang='lat'>:</span> <span class='ocrx_word' id='word_1_318' title='bbox 707 1816 822 1841; x_wconf 90' lang='lat' dir='ltr'>Morieni</span> <span class='ocrx_word' id='word_1_319' title='bbox 838 1816 964 1843; x_wconf 80' lang='lat' dir='ltr'>Romani.</span> <span class='ocrx_word' id='word_1_320' title='bbox 976 1816 1113 1841; x_wconf 86' lang='lat' dir='ltr'>Eremitae</span> <span class='ocrx_word' id='word_1_321' title='bbox 1125 1815 1375 1849; x_wconf 82' lang='lat' dir='ltr'>Hierosolymitani.</span> <span class='ocrx_word' id='word_1_322' title='bbox 1387 1816 1490 1841; x_wconf 89' lang='lat' dir='ltr'>Sermo.</span> <span class='ocrx_word' id='word_1_323' title='bbox 1529 1815 1632 1841; x_wconf 85' lang='lat' dir='ltr'>Omnes</span> 
     </span>
     <span class='ocr_line' id='line_1_31' title="bbox 234 1858 1633 1893; baseline -0.001 -8"><span class='ocrx_word' id='word_1_324' title='bbox 234 1860 428 1893; x_wconf 88' lang='lat' dir='ltr'>Philosophiae</span> <span class='ocrx_word' id='word_1_325' title='bbox 442 1864 540 1893; x_wconf 82' lang='lat' dir='ltr'>partes,</span> <span class='ocrx_word' id='word_1_326' title='bbox 555 1868 631 1885; x_wconf 91' lang='lat' dir='ltr'>mens</span> <span class='ocrx_word' id='word_1_327' title='bbox 647 1859 785 1884; x_wconf 87' lang='lat' dir='ltr'>Hermetis</span> <span class='ocrx_word' id='word_1_328' title='bbox 800 1859 891 1884; x_wconf 87' lang='lat' dir='ltr'>divina</span> <span class='ocrx_word' id='word_1_329' title='bbox 904 1859 1023 1892; x_wconf 87' lang='lat' dir='ltr'>plenarie</span> <span class='ocrx_word' id='word_1_330' title='bbox 1037 1859 1125 1893; x_wconf 86' lang='lat' dir='ltr'>attigit</span> <span class='ocrx_word' id='word_1_331' title='bbox 1148 1878 1153 1884; x_wconf 84' lang='lat'>.</span> <span class='ocrx_word' id='word_1_332' title='bbox 1177 1878 1182 1883; x_wconf 92' lang='lat'>.</span> <span class='ocrx_word' id='word_1_333' title='bbox 1207 1878 1212 1883; x_wconf 96' lang='lat'>.</span> <span class='ocrx_word' id='word_1_334' title='bbox 1233 1859 1287 1884; x_wconf 89' lang='lat' dir='ltr'>and</span> <span class='ocrx_word' id='word_1_335' title='bbox 1301 1859 1378 1888; x_wconf 73' lang='lat' dir='ltr'>ends,</span> <span class='ocrx_word' id='word_1_336' title='bbox 1393 1858 1472 1891; x_wconf 83' lang='lat' dir='ltr'>Quod</span> <span class='ocrx_word' id='word_1_337' title='bbox 1487 1859 1509 1883; x_wconf 90' lang='lat' dir='ltr'>si</span> <span class='ocrx_word' id='word_1_338' title='bbox 1523 1858 1633 1891; x_wconf 86' lang='lat' dir='ltr'>quando</span> 
     </span>
     <span class='ocr_line' id='line_1_32' title="bbox 233 1901 1632 1937; baseline -0.002 -8"><span class='ocrx_word' id='word_1_339' title='bbox 233 1903 378 1937; x_wconf 87' lang='lat' dir='ltr'>Alchymia</span> <span class='ocrx_word' id='word_1_340' title='bbox 391 1903 515 1929; x_wconf 82' lang='lat' dir='ltr'>confecta</span> <span class='ocrx_word' id='word_1_341' title='bbox 528 1903 614 1933; x_wconf 78' lang='lat' dir='ltr'>suerit,</span> <span class='ocrx_word' id='word_1_342' title='bbox 628 1903 684 1936; x_wconf 89' lang='lat' dir='ltr'>ejus</span> <span class='ocrx_word' id='word_1_343' title='bbox 699 1911 752 1927; x_wconf 90' lang='lat' dir='ltr'>una</span> <span class='ocrx_word' id='word_1_344' title='bbox 766 1911 827 1935; x_wconf 85' lang='lat' dir='ltr'>pars</span> <span class='ocrx_word' id='word_1_345' title='bbox 842 1902 912 1927; x_wconf 84' lang='lat' dir='ltr'>inter</span> <span class='ocrx_word' id='word_1_346' title='bbox 926 1911 1024 1928; x_wconf 89' lang='lat' dir='ltr'>novem</span> <span class='ocrx_word' id='word_1_347' title='bbox 1038 1907 1128 1935; x_wconf 89' lang='lat' dir='ltr'>partes</span> <span class='ocrx_word' id='word_1_348' title='bbox 1142 1902 1246 1936; x_wconf 82' lang='lat' dir='ltr'>argenti</span> <span class='ocrx_word' id='word_1_349' title='bbox 1261 1906 1386 1935; x_wconf 79' lang='lat' dir='ltr'>ponatur,</span> <span class='ocrx_word' id='word_1_350' title='bbox 1400 1901 1528 1935; x_wconf 89' lang='lat' dir='ltr'>quoniam</span> <span class='ocrx_word' id='word_1_351' title='bbox 1547 1905 1632 1926; x_wconf 89' lang='lat' dir='ltr'>totum</span> 
     </span>
     <span class='ocr_line' id='line_1_33' title="bbox 233 1945 1632 1980; baseline -0.002 -8"><span class='ocrx_word' id='word_1_352' title='bbox 233 1947 261 1972; x_wconf 90' lang='lat' dir='ltr'>in</span> <span class='ocrx_word' id='word_1_353' title='bbox 275 1955 366 1972; x_wconf 88' lang='lat' dir='ltr'>aurum</span> <span class='ocrx_word' id='word_1_354' title='bbox 382 1946 554 1980; x_wconf 87' lang='lat' dir='ltr'>purissimum</span> <span class='ocrx_word' id='word_1_355' title='bbox 570 1950 749 1971; x_wconf 85' lang='lat' dir='ltr'>convertetur.</span> <span class='ocrx_word' id='word_1_356' title='bbox 789 1945 834 1971; x_wconf 92' lang='lat' dir='ltr'>Sic</span> <span class='ocrx_word' id='word_1_357' title='bbox 848 1954 912 1979; x_wconf 88' lang='lat' dir='ltr'>ergo</span> <span class='ocrx_word' id='word_1_358' title='bbox 927 1947 1002 1971; x_wconf 87' lang='lat' dir='ltr'>Deus</span> <span class='ocrx_word' id='word_1_359' title='bbox 1016 1945 1175 1971; x_wconf 89' lang='lat' dir='ltr'>benedictus</span> <span class='ocrx_word' id='word_1_360' title='bbox 1190 1946 1287 1976; x_wconf 86' lang='lat' dir='ltr'>Amen,</span> <span class='ocrx_word' id='word_1_361' title='bbox 1302 1953 1349 1978; x_wconf 89' lang='lat' dir='ltr'>per</span> <span class='ocrx_word' id='word_1_362' title='bbox 1369 1949 1465 1970; x_wconf 86' lang='lat' dir='ltr'>cuncta</span> <span class='ocrx_word' id='word_1_363' title='bbox 1481 1945 1632 1970; x_wconf 90' lang='lat' dir='ltr'>seculorum</span> 
     </span>
     <span class='ocr_line' id='line_1_34' title="bbox 233 1990 332 2016; baseline -0.01 0"><span class='ocrx_word' id='word_1_364' title='bbox 233 1990 332 2016; x_wconf 85' lang='lat' dir='ltr'>secula.</span> 
     </span>
    </p>

    <p class='ocr_par' dir='ltr' id='par_1_7' title="bbox 233 2031 1631 2110">
     <span class='ocr_line' id='line_1_35' title="bbox 287 2031 1631 2066; baseline -0.002 -7"><span class='ocrx_word' id='word_1_365' title='bbox 287 2033 404 2066; x_wconf 83' lang='lat' dir='ltr'>Explicit</span> <span class='ocrx_word' id='word_1_366' title='bbox 419 2033 500 2058; x_wconf 91' lang='lat' dir='ltr'>Liber</span> <span class='ocrx_word' id='word_1_367' title='bbox 513 2033 672 2066; x_wconf 85' lang='lat' dir='ltr'>Alchymiae</span> <span class='ocrx_word' id='word_1_368' title='bbox 686 2032 719 2058; x_wconf 91' lang='lat' dir='ltr'>de</span> <span class='ocrx_word' id='word_1_369' title='bbox 733 2032 852 2058; x_wconf 89' lang='lat' dir='ltr'>Arabico</span> <span class='ocrx_word' id='word_1_370' title='bbox 867 2032 893 2057; x_wconf 90' lang='lat' dir='ltr'>in</span> <span class='ocrx_word' id='word_1_371' title='bbox 911 2032 1036 2057; x_wconf 85' lang='lat' dir='ltr'>Latinum</span> <span class='ocrx_word' id='word_1_372' title='bbox 1056 2032 1210 2058; x_wconf 77' lang='lat' dir='ltr'>translatus.</span> <span class='ocrx_word' id='word_1_373' title='bbox 1224 2040 1297 2057; x_wconf 82' lang='lat' dir='ltr'>anno</span> <span class='ocrx_word' id='word_1_374' title='bbox 1318 2031 1462 2057; x_wconf 87' lang='lat' dir='ltr'>millesimo</span> <span class='ocrx_word' id='word_1_375' title='bbox 1481 2031 1631 2057; x_wconf 87' lang='lat' dir='ltr'>centesimo</span> 
     </span>
     <span class='ocr_line' id='line_1_36' title="bbox 233 2075 1238 2110; baseline -0.002 -8"><span class='ocrx_word' id='word_1_376' title='bbox 233 2077 419 2110; x_wconf 83' lang='lat' dir='ltr'>octuagesimo</span> <span class='ocrx_word' id='word_1_377' title='bbox 433 2076 562 2107; x_wconf 88' lang='lat' dir='ltr'>secundo,</span> <span class='ocrx_word' id='word_1_378' title='bbox 577 2076 604 2101; x_wconf 92' lang='lat' dir='ltr'>in</span> <span class='ocrx_word' id='word_1_379' title='bbox 618 2084 712 2101; x_wconf 87' lang='lat' dir='ltr'>mense</span> <span class='ocrx_word' id='word_1_380' title='bbox 727 2075 863 2101; x_wconf 86' lang='lat' dir='ltr'>Februarii</span> <span class='ocrx_word' id='word_1_381' title='bbox 878 2080 903 2101; x_wconf 89' lang='lat' dir='ltr'>et</span> <span class='ocrx_word' id='word_1_382' title='bbox 917 2075 944 2100; x_wconf 90' lang='lat' dir='ltr'>in</span> <span class='ocrx_word' id='word_1_383' title='bbox 958 2075 1015 2108; x_wconf 87' lang='lat' dir='ltr'>ejus</span> <span class='ocrx_word' id='word_1_384' title='bbox 1030 2075 1073 2100; x_wconf 90' lang='lat' dir='ltr'>die</span> <span class='ocrx_word' id='word_1_385' title='bbox 1087 2075 1238 2100; x_wconf 87' lang='lat' dir='ltr'>undecimo.</span> 
     </span>
    </p>

    <p class='ocr_par' dir='ltr' id='par_1_8' title="bbox 233 2117 1635 2457">
     <span class='ocr_line' id='line_1_37' title="bbox 286 2117 1633 2153; baseline -0.002 -8"><span class='ocrx_word' id='word_1_386' title='bbox 286 2120 296 2135; x_wconf 73' lang='lat'><strong>²</strong></span> <span class='ocrx_word' id='word_1_387' title='bbox 311 2119 542 2150; x_wconf 86' lang='lat' dir='ltr'>Steinschneider‚</span> <span class='ocrx_word' id='word_1_388' title='bbox 561 2119 720 2153; x_wconf 74' lang='lat' dir='ltr'>Zeitscllrlfl</span> <span class='ocrx_word' id='word_1_389' title='bbox 733 2119 763 2153; x_wconf 86' lang='lat' dir='ltr'>f.</span> <span class='ocrx_word' id='word_1_390' title='bbox 778 2119 962 2144; x_wconf 64' lang='lat' dir='ltr'>Alathematzl*</span> <span class='ocrx_word' id='word_1_391' title='bbox 980 2119 1041 2143; x_wconf 67' lang='lat' dir='ltr'>mid</span> <span class='ocrx_word' id='word_1_392' title='bbox 1057 2118 1165 2151; x_wconf 74' lang='lat' dir='ltr'>Physik,</span> <span class='ocrx_word' id='word_1_393' title='bbox 1182 2118 1244 2143; x_wconf 92' lang='lat' dir='ltr'>Vol.</span> <span class='ocrx_word' id='word_1_394' title='bbox 1261 2119 1337 2145; x_wconf 74' lang='lat' dir='ltr'>XVI.</span> <span class='ocrx_word' id='word_1_395' title='bbox 1357 2127 1381 2151; x_wconf 89' lang='lat' dir='ltr'>p.</span> <span class='ocrx_word' id='word_1_396' title='bbox 1396 2125 1455 2151; x_wconf 78' lang='lat'>393,</span> <span class='ocrx_word' id='word_1_397' title='bbox 1470 2117 1533 2142; x_wconf 86' lang='lat' dir='ltr'>with</span> <span class='ocrx_word' id='word_1_398' title='bbox 1554 2117 1633 2143; x_wconf 88' lang='lat' dir='ltr'>refer-</span> 
     </span>
     <span class='ocr_line' id='line_1_38' title="bbox 234 2161 1634 2196; baseline -0.003 -7"><span class='ocrx_word' id='word_1_399' title='bbox 234 2172 299 2189; x_wconf 87' lang='lat' dir='ltr'>ence</span> <span class='ocrx_word' id='word_1_400' title='bbox 314 2168 342 2189; x_wconf 90' lang='lat' dir='ltr'>to</span> <span class='ocrx_word' id='word_1_401' title='bbox 356 2163 401 2189; x_wconf 88' lang='lat' dir='ltr'>the</span> <span class='ocrx_word' id='word_1_402' title='bbox 415 2163 523 2188; x_wconf 83' lang='lat' dir='ltr'>Vienna</span> <span class='ocrx_word' id='word_1_403' title='bbox 537 2164 597 2188; x_wconf 91' lang='lat' dir='ltr'>MS.</span> <span class='ocrx_word' id='word_1_404' title='bbox 615 2170 627 2196; x_wconf 83' lang='lat'><strong>5</strong></span> <span class='ocrx_word' id='word_1_405' title='bbox 632 2170 660 2195; x_wconf 87' lang='lat'>31</span> <span class='ocrx_word' id='word_1_406' title='bbox 670 2163 701 2191; x_wconf 63' lang='lat'>1²³,</span> <span class='ocrx_word' id='word_1_407' title='bbox 715 2163 758 2187; x_wconf 77' lang='lat' dir='ltr'>De</span> <span class='ocrx_word' id='word_1_408' title='bbox 770 2163 959 2195; x_wconf 74' lang='lat' dir='ltr'>compositione</span> <span class='ocrx_word' id='word_1_409' title='bbox 971 2162 1115 2187; x_wconf 74' lang='lat' dir='ltr'>astrolabii</span> <span class='ocrx_word' id='word_1_410' title='bbox 1127 2162 1294 2186; x_wconf 73' lang='lat' dir='ltr'>um‘wrsalis</span> <span class='ocrx_word' id='word_1_411' title='bbox 1313 2161 1380 2186; x_wconf 63' lang='lat' dir='ltr'>liber</span> <span class='ocrx_word' id='word_1_412' title='bbox 1398 2170 1415 2186; x_wconf 85' lang='lat' dir='ltr'>a</span> <span class='ocrx_word' id='word_1_413' title='bbox 1435 2161 1551 2186; x_wconf 77' lang='lat' dir='ltr'>Roberlo</span> <span class='ocrx_word' id='word_1_414' title='bbox 1573 2162 1634 2186; x_wconf 84' lang='lat' dir='ltr'>Cas-</span> 
     </span>
     <span class='ocr_line' id='line_1_39' title="bbox 233 2205 1633 2239; baseline -0.002 -7"><span class='ocrx_word' id='word_1_415' title='bbox 233 2208 323 2232; x_wconf 77' lang='lat' dir='ltr'>trensi</span> <span class='ocrx_word' id='word_1_416' title='bbox 341 2207 505 2235; x_wconf 72' lang='lat' dir='ltr'>translatus,</span> <span class='ocrx_word' id='word_1_417' title='bbox 523 2206 611 2231; x_wconf 91' lang='lat' dir='ltr'>which</span> <span class='ocrx_word' id='word_1_418' title='bbox 635 2206 746 2239; x_wconf 86' lang='lat' dir='ltr'>begins:</span> <span class='ocrx_word' id='word_1_419' title='bbox 782 2206 920 2238; x_wconf 72' lang='lat' dir='ltr'>Quoniam</span> <span class='ocrx_word' id='word_1_420' title='bbox 941 2207 970 2230; x_wconf 81' lang='lat' dir='ltr'>in</span> <span class='ocrx_word' id='word_1_421' title='bbox 990 2206 1092 2230; x_wconf 74' lang='lat' dir='ltr'>mundi</span> <span class='ocrx_word' id='word_1_422' title='bbox 1109 2207 1200 2238; x_wconf 73' lang='lat' dir='ltr'>spera,</span> <span class='ocrx_word' id='word_1_423' title='bbox 1219 2205 1272 2230; x_wconf 85' lang='lat' dir='ltr'>and</span> <span class='ocrx_word' id='word_1_424' title='bbox 1294 2205 1361 2230; x_wconf 88' lang='lat' dir='ltr'>ends</span> <span class='ocrx_word' id='word_1_425' title='bbox 1378 2214 1382 2229; x_wconf 83' lang='lat' dir='ltr'>z</span> <span class='ocrx_word' id='word_1_426' title='bbox 1416 2205 1456 2229; x_wconf 79' lang='lat' dir='ltr'>ad</span> <span class='ocrx_word' id='word_1_427' title='bbox 1472 2205 1633 2229; x_wconf 81' lang='lat' dir='ltr'>altitudines</span> 
     </span>
     <span class='ocr_line' id='line_1_40' title="bbox 233 2247 1635 2284; baseline -0.002 -9"><span class='ocrx_word' id='word_1_428' title='bbox 233 2251 421 2284; x_wconf 64' lang='lat' dir='ltr'>ascipi&#39;endas‚·</span> <span class='ocrx_word' id='word_1_429' title='bbox 441 2250 499 2275; x_wconf 82' lang='lat' dir='ltr'>also</span> <span class='ocrx_word' id='word_1_430' title='bbox 519 2254 546 2275; x_wconf 92' lang='lat' dir='ltr'>to</span> <span class='ocrx_word' id='word_1_431' title='bbox 567 2250 612 2275; x_wconf 87' lang='lat' dir='ltr'>the</span> <span class='ocrx_word' id='word_1_432' title='bbox 631 2249 736 2275; x_wconf 81' lang='lat' dir='ltr'>Oxford</span> <span class='ocrx_word' id='word_1_433' title='bbox 756 2250 817 2275; x_wconf 90' lang='lat' dir='ltr'>MS.</span> <span class='ocrx_word' id='word_1_434' title='bbox 833 2249 902 2275; x_wconf 92' lang='lat' dir='ltr'>Cod.</span> <span class='ocrx_word' id='word_1_435' title='bbox 919 2249 1051 2274; x_wconf 82' lang='lat' dir='ltr'>Canonic.</span> <span class='ocrx_word' id='word_1_436' title='bbox 1073 2249 1154 2274; x_wconf 86' lang='lat' dir='ltr'>Misc.</span> <span class='ocrx_word' id='word_1_437' title='bbox 1172 2248 1226 2276; x_wconf 72' lang='lat'>61⁶,</span> <span class='ocrx_word' id='word_1_438' title='bbox 1246 2249 1325 2273; x_wconf 68' lang='lat' dir='ltr'>Liber</span> <span class='ocrx_word' id='word_1_439' title='bbox 1344 2249 1375 2273; x_wconf 74' lang='lat' dir='ltr'>tle</span> <span class='ocrx_word' id='word_1_440' title='bbox 1392 2249 1474 2281; x_wconf 76' lang='lat' dir='ltr'>(fficio</span> <span class='ocrx_word' id='word_1_441' title='bbox 1491 2247 1635 2272; x_wconf 72' lang='lat' dir='ltr'>astrolabii</span> 
     </span>
     <span class='ocr_line' id='line_1_41' title="bbox 233 2291 1634 2327; baseline -0.003 -8"><span class='ocrx_word' id='word_1_442' title='bbox 233 2294 381 2319; x_wconf 72' lang='lat' dir='ltr'>semndmn</span> <span class='ocrx_word' id='word_1_443' title='bbox 397 2302 468 2327; x_wconf 62' lang='lat' dir='ltr'>magr.</span> <span class='ocrx_word' id='word_1_444' title='bbox 486 2294 551 2318; x_wconf 80' lang='lat' dir='ltr'>Rob.</span> <span class='ocrx_word' id='word_1_445' title='bbox 572 2294 745 2324; x_wconf 73' lang='lat' dir='ltr'>Cestrensem,</span> <span class='ocrx_word' id='word_1_446' title='bbox 764 2293 791 2318; x_wconf 90' lang='lat' dir='ltr'>in</span> <span class='ocrx_word' id='word_1_447' title='bbox 810 2292 954 2326; x_wconf 86' lang='lat' dir='ltr'>thirty-five</span> <span class='ocrx_word' id='word_1_448' title='bbox 972 2292 1105 2325; x_wconf 77' lang='lat' dir='ltr'>chapters,</span> <span class='ocrx_word' id='word_1_449' title='bbox 1122 2292 1209 2317; x_wconf 89' lang='lat' dir='ltr'>which</span> <span class='ocrx_word' id='word_1_450' title='bbox 1227 2291 1341 2325; x_wconf 85' lang='lat' dir='ltr'>begins:</span> <span class='ocrx_word' id='word_1_451' title='bbox 1364 2299 1385 2316; x_wconf 85' lang='lat'>1.</span> <span class='ocrx_word' id='word_1_452' title='bbox 1404 2292 1447 2316; x_wconf 68' lang='lat' dir='ltr'>De</span> <span class='ocrx_word' id='word_1_453' title='bbox 1461 2292 1555 2325; x_wconf 71' lang='lat' dir='ltr'>gradu</span> <span class='ocrx_word' id='word_1_454' title='bbox 1572 2291 1634 2315; x_wconf 84' lang='lat' dir='ltr'>solis</span> 
     </span>
     <span class='ocr_line' id='line_1_42' title="bbox 236 2336 1627 2370; baseline -0.003 -8"><span class='ocrx_word' id='word_1_455' title='bbox 236 2340 290 2370; x_wconf 71' lang='lat' dir='ltr'>per</span> <span class='ocrx_word' id='word_1_456' title='bbox 302 2338 373 2362; x_wconf 69' lang='lat' dir='ltr'>diem</span> <span class='ocrx_word' id='word_1_457' title='bbox 389 2340 413 2362; x_wconf 80' lang='lat' dir='ltr'>et</span> <span class='ocrx_word' id='word_1_458' title='bbox 431 2337 491 2367; x_wconf 78' lang='lat' dir='ltr'>diei,</span> <span class='ocrx_word' id='word_1_459' title='bbox 502 2337 556 2362; x_wconf 88' lang='lat' dir='ltr'>and</span> <span class='ocrx_word' id='word_1_460' title='bbox 570 2337 637 2362; x_wconf 90' lang='lat' dir='ltr'>ends</span> <span class='ocrx_word' id='word_1_461' title='bbox 653 2346 658 2361; x_wconf 93' lang='lat'>:</span> <span class='ocrx_word' id='word_1_462' title='bbox 680 2340 704 2362; x_wconf 82' lang='lat' dir='ltr'>et</span> <span class='ocrx_word' id='word_1_463' title='bbox 716 2340 799 2361; x_wconf 67' lang='lat' dir='ltr'>[clere</span> <span class='ocrx_word' id='word_1_464' title='bbox 811 2337 904 2361; x_wconf 72' lang='lat' dir='ltr'>celeris</span> <span class='ocrx_word' id='word_1_465' title='bbox 913 2338 967 2369; x_wconf 73' lang='lat' dir='ltr'>per</span> <span class='ocrx_word' id='word_1_466' title='bbox 979 2336 1146 2360; x_wconf 72' lang='lat' dir='ltr'>diametrum</span> <span class='ocrx_word' id='word_1_467' title='bbox 1161 2336 1260 2368; x_wconf 78' lang='lat' dir='ltr'>utjam</span> <span class='ocrx_word' id='word_1_468' title='bbox 1274 2336 1376 2360; x_wconf 44' lang='lat' dir='ltr'>&lt;iillum</span> <span class='ocrx_word' id='word_1_469' title='bbox 1389 2338 1427 2360; x_wconf 77' lang='lat' dir='ltr'>cst</span> <span class='ocrx_word' id='word_1_470' title='bbox 1440 2337 1627 2368; x_wconf 77' lang='lat' dir='ltr'>opponuntur.</span> 
     </span>
     <span class='ocr_line' id='line_1_43' title="bbox 235 2377 1631 2413; baseline -0.003 -7"><span class='ocrx_word' id='word_1_471' title='bbox 235 2381 353 2406; x_wconf 87' lang='lat' dir='ltr'>Revised</span> <span class='ocrx_word' id='word_1_472' title='bbox 367 2380 434 2406; x_wconf 86' lang='lat' dir='ltr'>after</span> <span class='ocrx_word' id='word_1_473' title='bbox 451 2388 523 2413; x_wconf 77' lang='lat'>1150,</span> <span class='ocrx_word' id='word_1_474' title='bbox 538 2389 567 2405; x_wconf 89' lang='lat' dir='ltr'>as</span> <span class='ocrx_word' id='word_1_475' title='bbox 581 2380 601 2405; x_wconf 83' lang='lat' dir='ltr'>it</span> <span class='ocrx_word' id='word_1_476' title='bbox 615 2380 681 2406; x_wconf 89' lang='lat' dir='ltr'>cites</span> <span class='ocrx_word' id='word_1_477' title='bbox 695 2380 742 2405; x_wconf 84' lang='lat' dir='ltr'>the</span> <span class='ocrx_word' id='word_1_478' title='bbox 755 2380 842 2405; x_wconf 87' lang='lat' dir='ltr'>tables</span> <span class='ocrx_word' id='word_1_479' title='bbox 853 2379 883 2405; x_wconf 90' lang='lat' dir='ltr'>of</span> <span class='ocrx_word' id='word_1_480' title='bbox 893 2379 951 2404; x_wconf 83' lang='lat' dir='ltr'>that</span> <span class='ocrx_word' id='word_1_481' title='bbox 965 2388 1028 2413; x_wconf 89' lang='lat' dir='ltr'>year</span> <span class='ocrx_word' id='word_1_482' title='bbox 1044 2378 1191 2413; x_wconf 86' lang='lat' dir='ltr'>(Bodleian</span> <span class='ocrx_word' id='word_1_483' title='bbox 1207 2379 1265 2404; x_wconf 88' lang='lat' dir='ltr'>MS.</span> <span class='ocrx_word' id='word_1_484' title='bbox 1281 2379 1377 2404; x_wconf 89' lang='lat' dir='ltr'>Canon</span> <span class='ocrx_word' id='word_1_485' title='bbox 1393 2378 1470 2403; x_wconf 87' lang='lat' dir='ltr'>Misc.</span> <span class='ocrx_word' id='word_1_486' title='bbox 1485 2378 1526 2408; x_wconf 88' lang='lat'>61,</span> <span class='ocrx_word' id='word_1_487' title='bbox 1541 2377 1556 2402; x_wconf 91' lang='lat' dir='ltr'>f.</span> <span class='ocrx_word' id='word_1_488' title='bbox 1572 2377 1631 2409; x_wconf 60' lang='grc' dir='ltr'>ἰε’-’ς</span> 
     </span>
     <span class='ocr_line' id='line_1_44' title="bbox 234 2423 746 2457; baseline -0.002 -8"><span class='ocrx_word' id='word_1_489' title='bbox 234 2424 378 2449; x_wconf 83' lang='lat' dir='ltr'>examined</span> <span class='ocrx_word' id='word_1_490' title='bbox 393 2424 427 2457; x_wconf 80' lang='lat' dir='ltr'>by</span> <span class='ocrx_word' id='word_1_491' title='bbox 442 2423 584 2449; x_wconf 89' lang='lat' dir='ltr'>Professor</span> <span class='ocrx_word' id='word_1_492' title='bbox 599 2423 746 2455; x_wconf 79' lang='lat' dir='ltr'>Haskins).</span> 
     </span>
    </p>

    <p class='ocr_par' dir='ltr' id='par_1_9' title="bbox 234 2464 1634 2588">
     <span class='ocr_line' id='line_1_45' title="bbox 286 2464 1633 2500; baseline -0.002 -8"><span class='ocrx_word' id='word_1_493' title='bbox 286 2467 296 2483; x_wconf 78' lang='lat'>³</span> <span class='ocrx_word' id='word_1_494' title='bbox 310 2467 542 2498; x_wconf 81' lang='lat' dir='ltr'>Steinschneider,</span> <span class='ocrx_word' id='word_1_495' title='bbox 562 2467 636 2499; x_wconf 61' lang='lat' dir='ltr'>ibid„</span> <span class='ocrx_word' id='word_1_496' title='bbox 658 2476 685 2500; x_wconf 90' lang='lat' dir='ltr'>p.</span> <span class='ocrx_word' id='word_1_497' title='bbox 707 2474 766 2500; x_wconf 71' lang='lat'>393,</span> <span class='ocrx_word' id='word_1_498' title='bbox 787 2466 868 2492; x_wconf 86' lang='lat' dir='ltr'>refers</span> <span class='ocrx_word' id='word_1_499' title='bbox 889 2470 916 2492; x_wconf 92' lang='lat' dir='ltr'>to</span> <span class='ocrx_word' id='word_1_500' title='bbox 937 2466 982 2491; x_wconf 88' lang='lat' dir='ltr'>the</span> <span class='ocrx_word' id='word_1_501' title='bbox 1002 2466 1126 2491; x_wconf 88' lang='lat' dir='ltr'>Gonville</span> <span class='ocrx_word' id='word_1_502' title='bbox 1145 2465 1200 2491; x_wconf 92' lang='lat' dir='ltr'>and</span> <span class='ocrx_word' id='word_1_503' title='bbox 1220 2465 1301 2491; x_wconf 91' lang='lat' dir='ltr'>Caius</span> <span class='ocrx_word' id='word_1_504' title='bbox 1321 2465 1440 2498; x_wconf 84' lang='lat' dir='ltr'>College,</span> <span class='ocrx_word' id='word_1_505' title='bbox 1461 2464 1633 2497; x_wconf 87' lang='lat' dir='ltr'>Cambridge,</span> 
     </span>
     <span class='ocr_line' id='line_1_46' title="bbox 234 2508 1634 2544; baseline -0.004 -8"><span class='ocrx_word' id='word_1_506' title='bbox 234 2511 294 2536; x_wconf 88' lang='lat' dir='ltr'>MS.</span> <span class='ocrx_word' id='word_1_507' title='bbox 315 2518 329 2543; x_wconf 84' lang='lat'><strong>3</strong></span> <span class='ocrx_word' id='word_1_508' title='bbox 334 2511 379 2544; x_wconf 71' lang='lat'>5¹⁴,</span> <span class='ocrx_word' id='word_1_509' title='bbox 399 2511 567 2535; x_wconf 74' lang='lat' dir='ltr'>Ptholamaei</span> <span class='ocrx_word' id='word_1_510' title='bbox 586 2511 618 2536; x_wconf 81' lang='lat' dir='ltr'>de</span> <span class='ocrx_word' id='word_1_511' title='bbox 636 2511 824 2543; x_wconf 72' lang='lat' dir='ltr'>compositione</span> <span class='ocrx_word' id='word_1_512' title='bbox 845 2509 994 2539; x_wconf 75' lang='lat' dir='ltr'>astrolabii,</span> <span class='ocrx_word' id='word_1_513' title='bbox 1014 2509 1170 2534; x_wconf 79' lang='lat' dir='ltr'>translatus</span> <span class='ocrx_word' id='word_1_514' title='bbox 1191 2518 1208 2534; x_wconf 84' lang='lat' dir='ltr'>a</span> <span class='ocrx_word' id='word_1_515' title='bbox 1228 2509 1292 2534; x_wconf 82' lang='lat' dir='ltr'>Rob.</span> <span class='ocrx_word' id='word_1_516' title='bbox 1317 2509 1449 2534; x_wconf 72' lang='lat' dir='ltr'>Cestiensi</span> <span class='ocrx_word' id='word_1_517' title='bbox 1470 2509 1499 2532; x_wconf 81' lang='lat' dir='ltr'>in</span> <span class='ocrx_word' id='word_1_518' title='bbox 1525 2508 1634 2532; x_wconf 65' lang='lat' dir='ltr'>sz&#39;vziate</span> 
     </span>
     <span class='ocr_line' id='line_1_47' title="bbox 234 2550 1351 2588; baseline -0.005 -8"><span class='ocrx_word' id='word_1_519' title='bbox 234 2555 365 2585; x_wconf 74' lang='lat' dir='ltr'>Lond0n5</span> <span class='ocrx_word' id='word_1_520' title='bbox 385 2555 443 2579; x_wconf 87' lang='lat' dir='ltr'>also</span> <span class='ocrx_word' id='word_1_521' title='bbox 458 2555 519 2579; x_wconf 88' lang='lat' dir='ltr'>MS.</span> <span class='ocrx_word' id='word_1_522' title='bbox 536 2553 629 2588; x_wconf 84' lang='lat' dir='ltr'>Digby</span> <span class='ocrx_word' id='word_1_523' title='bbox 642 2561 684 2585; x_wconf 78' lang='grc' dir='ltr'>4ο,</span> <span class='ocrx_word' id='word_1_524' title='bbox 698 2554 774 2579; x_wconf 86' lang='lat' dir='ltr'>dates</span> <span class='ocrx_word' id='word_1_525' title='bbox 789 2553 842 2579; x_wconf 89' lang='lat' dir='ltr'>this</span> <span class='ocrx_word' id='word_1_526' title='bbox 858 2556 873 2567; x_wconf 81' lang='grc'>“</span> <span class='ocrx_word' id='word_1_527' title='bbox 882 2553 958 2577; x_wconf 80' lang='lat' dir='ltr'>Aera</span> <span class='ocrx_word' id='word_1_528' title='bbox 975 2551 1021 2576; x_wconf 84' lang='grc'>118</span> <span class='ocrx_word' id='word_1_529' title='bbox 1026 2558 1038 2584; x_wconf 79' lang='grc'>5</span> <span class='ocrx_word' id='word_1_530' title='bbox 1053 2552 1081 2575; x_wconf 80' lang='lat'>1&#39;11</span> <span class='ocrx_word' id='word_1_531' title='bbox 1095 2551 1204 2575; x_wconf 78' lang='lat' dir='ltr'>civitate</span> <span class='ocrx_word' id='word_1_532' title='bbox 1214 2550 1351 2575; x_wconf 79' lang='lat' dir='ltr'>London.&#39;’</span> 
     </span>
    </p>

    <p class='ocr_par' dir='ltr' id='par_1_10' title="bbox 287 2597 771 2630">
     <span class='ocr_line' id='line_1_48' title="bbox 287 2597 771 2630; baseline -0.002 -7"><span class='ocrx_word' id='word_1_533' title='bbox 287 2598 297 2613; x_wconf 75' lang='lat'><strong>⁴</strong></span> <span class='ocrx_word' id='word_1_534' title='bbox 312 2597 544 2626; x_wconf 79' lang='lat' dir='ltr'>Steinschneider‚</span> <span class='ocrx_word' id='word_1_535' title='bbox 558 2597 602 2622; x_wconf 83' lang='lat' dir='ltr'>loc.</span> <span class='ocrx_word' id='word_1_536' title='bbox 617 2598 671 2628; x_wconf 63' lang='lat' dir='ltr'>cit„</span> <span class='ocrx_word' id='word_1_537' title='bbox 686 2606 712 2630; x_wconf 91' lang='lat' dir='ltr'>p.</span> <span class='ocrx_word' id='word_1_538' title='bbox 729 2604 771 2629; x_wconf 89' lang='lat'>72.</span> 
     </span>
    </p>
   </div>
  </div>
 </body>
</html>
