1780 2995
239 265 297 295 106

215 371 224 386 1
235 357 322 394 caris,
342 357 425 395 quod
444 361 512 387 tum
530 357 706 387 substantia
724 367 804 396 quae
822 357 921 387 diuisa
939 362 995 394 est,
1015 357 1230 396 adimpleatur.

572 266 691 293 LIBER
718 266 933 294 ALGEBRAE
963 267 1014 294 ET
1040 267 1309 295 ALMUCABOLA

1274 359 1315 388 Et
1333 358 1364 388 in
1383 358 1441 388 hac
1459 359 1640 397 quaestione

235 417 254 442 4
268 407 402 436 diuisum
417 407 539 437 obtinet
553 412 584 437 et
600 407 631 437 id
646 418 700 446 per
715 407 798 446 quod
821 407 956 437 diuisum
971 407 1131 444 diuiditur,
1148 418 1210 437 rem
1233 408 1468 446 proposuimus3
1494 418 1639 439 numerus

235 456 328 494 igitur
351 467 368 493 4
392 467 462 486 cum
485 467 516 486 re
539 457 791 495 multiplicandus
815 457 882 494 erit,
906 462 937 487 et
960 457 1169 495 producentur
1192 468 1210 493 4
1234 468 1290 494 res,
1314 458 1522 487 substantiam
1545 468 1638 496 quam

235 506 406 543 diuisimus,
421 506 478 536 hoc
491 511 537 536 est
554 517 589 536 10
602 507 666 536 sine
679 517 710 536 re
724 512 919 545 exequantes.

212 572 225 593 5
236 556 326 586 rebus
341 566 359 592 4
374 556 463 593 adde,
480 561 511 586 et
527 557 651 586 venient
670 567 705 586 10
721 557 857 595 quinque
872 567 919 586 res
935 557 1148 595 coaequantia.

236 606 341 636 finitur
352 616 489 636 numero.

235 656 377 693 diximus,
393 656 510 686 radices
525 666 668 686 numeros
683 661 866 695 coaequant.

963 508 1116 536 Restaura
1129 507 1222 545 igitur
1239 518 1273 536 10
1286 508 1350 537 sine
1364 518 1404 544 re,
1420 513 1450 537 et
1463 508 1563 546 ipsam
1576 518 1639 537 rem

1191 558 1277 587 Haec
1292 562 1397 587 autem
1413 568 1459 587 res
1475 558 1506 587 in
1521 558 1640 587 binario

532 607 620 636 Vnde
631 607 706 636 haec
718 607 858 645 quaestio
870 607 910 636 ad
923 607 1049 636 tertium
1061 617 1112 636 sex
1123 607 1262 645 capitum
1274 611 1304 636 te
1315 607 1469 645 perduxit,
1482 607 1534 638 vbi
1546 607 1640 637 etiarn

664 756 764 794 Caput
786 760 933 795 quartum,
956 756 1088 794 quaestio
1110 760 1215 794 quarta

274 839 412 868 Tertiam
428 839 471 868 rei
486 843 517 868 et
533 849 627 868 vnam
644 839 823 868 drachmam
839 849 910 868 cum
926 843 1038 877 quarta
1054 839 1096 868 rei
1113 843 1143 868 et
1159 850 1221 869 vna
1237 839 1384 869 drachma
1400 839 1442 869 sic
1459 839 1639 878 multiplico,

198 905 225 919 10
234 893 270 918 vt
286 889 376 918 huius
392 888 658 926 multiplicationis
674 889 861 926 productum
877 889 908 918 in
926 899 962 917 20
978 889 1170 918 terminetur.

274 938 434 976 Expositio
457 938 526 968 talis
548 943 604 975 est,
627 943 662 968 vt
685 939 808 968 tertiam
830 939 871 967 rei
894 948 964 968 cum
987 943 1098 976 quarta
1120 939 1162 968 rei
1184 939 1379 977 multiplices,
1402 944 1432 968 et
1454 939 1641 977 producetur

235 988 384 1018 medietas
410 992 514 1017 sextae
539 988 630 1017 vnius
656 988 859 1024 substantiae,
887 993 917 1017 et
945 988 1091 1017 drachma
1118 997 1189 1017 cum
1216 992 1328 1025 quarta
1354 987 1397 1016 rei
1424 987 1641 1024 multiplicata,

235 1043 379 1076 quartam
408 1038 450 1067 rei
479 1042 604 1075 generat
634 1038 818 1067 addendam.
862 1037 1008 1067 Similiter
1037 1037 1129 1067 tertia
1157 1037 1200 1066 rei
1230 1047 1299 1066 cum
1329 1036 1486 1073 drachma,
1517 1036 1641 1066 tertiam

235 1088 277 1117 rei
297 1092 438 1126 procreat
459 1092 553 1125 atque
574 1087 701 1116 tandem
721 1087 868 1116 drachma
889 1097 959 1116 cum
980 1087 1138 1123 drachma,
1160 1086 1340 1116 drachmam
1360 1086 1513 1124 producit.

1556 1086 1642 1116 Haec

198 1152 223 1172 15
234 1148 325 1176 porro
348 1137 565 1175 multiplicatio
588 1137 628 1166 ad
652 1137 850 1166 medietatem
873 1142 977 1166 sextae
1000 1137 1090 1166 vnius
1113 1136 1317 1172 substantiae,
1341 1141 1372 1165 et
1396 1136 1435 1165 ad
1459 1136 1583 1165 tertiam
1607 1146 1642 1165 ac

235 1192 380 1225 quartam
393 1187 435 1216 rei
449 1191 544 1224 atque
558 1187 597 1216 ad
611 1197 705 1216 vnam
719 1187 899 1216 drachmam
913 1186 1044 1224 vinginti
1060 1186 1223 1216 drachmas
1237 1186 1441 1224 coaequantia
1455 1185 1641 1215 extenditur.

235 1238 336 1267 Vnam
357 1237 450 1274 igitur
471 1237 651 1266 drachmam
673 1247 708 1265 ex
726 1246 761 1265 20
777 1236 951 1273 subtrahas,
969 1241 999 1265 et
1021 1236 1191 1265 manebunt
1211 1246 1246 1273 19
1262 1236 1427 1265 drachmae
1443 1235 1642 1265 medietatem

235 1292 339 1316 sextae
359 1286 449 1316 Vnius
470 1286 663 1315 substantiae
683 1286 773 1315 simul
795 1286 919 1315 tertiam
940 1296 975 1315 ac
996 1291 1140 1324 quartam
1161 1286 1203 1315 rei
1224 1290 1440 1324 coaequantes.

1483 1286 1551 1314 Iam
1572 1295 1642 1323 ergo

235 1336 444 1366 substantiam
463 1336 626 1374 compleas,
646 1336 703 1365 hoc
722 1340 778 1372 est,
798 1335 946 1374 quicquid
964 1336 1107 1365 habueris
1126 1346 1196 1365 cum
1215 1335 1377 1365 duodecim
1397 1335 1591 1373 multiplices,
1611 1339 1642 1365 et

198 1401 225 1416 κο
235 1387 422 1425 producetur
447 1385 623 1415 substantia
649 1390 679 1415 et
707 1394 721 1423 7
748 1396 804 1422 res,
833 1387 887 1414 228
913 1395 948 1414 ex
973 1385 1107 1415 numeris
1133 1390 1348 1423 coaequantes.

1392 1385 1523 1414 Radices
1549 1385 1642 1423 igitur

236 1436 346 1473 media,
364 1436 396 1465 id
413 1441 458 1465 est
475 1446 529 1474 per
546 1435 682 1465 medium
699 1435 813 1471 diuide,
831 1440 862 1464 et
879 1445 974 1464 Vnam
991 1435 1190 1464 medietatem
1208 1445 1278 1464 cum
1295 1435 1394 1473 seipsa
1411 1435 1593 1473 multiplica,
1611 1439 1642 1464 et

235 1486 445 1525 producentur
466 1496 498 1514 12
519 1490 550 1515 et
569 1484 596 1522 ὲ.

639 1485 725 1514 Haec
746 1487 800 1514 228
820 1495 855 1514 ex
874 1485 1008 1514 numeris
1027 1485 1162 1521 adiicias,
1182 1489 1213 1514 et
1231 1485 1362 1514 veniunt
1383 1495 1438 1520 240
1457 1489 1488 1514 et
1506 1483 1541 1521 ἐς
1571 1484 1643 1514 hinc

236 1537 368 1566 radicem
385 1536 499 1574 accipe,
515 1543 548 1572 15
565 1539 597 1564 et
616 1533 651 1571 ἐς
681 1539 775 1572 atque
794 1544 829 1563 ex
848 1544 883 1563 ea
902 1545 918 1572 3
943 1539 973 1564 et
996 1534 1158 1564 dimidium
1177 1535 1334 1572 subtrahe,
1353 1539 1385 1564 et
1404 1534 1575 1564 manebunt
1596 1544 1641 1570 12,

236 1585 370 1615 radicem
396 1585 590 1614 substantiae
616 1584 827 1623 adimplentia.

870 1584 938 1613 Iam
965 1584 1058 1622 igitur
1084 1584 1158 1614 haec
1185 1584 1325 1622 quaestio
1352 1584 1392 1613 ad
1418 1588 1565 1622 quartum
1591 1593 1643 1613 sex

198 1648 225 1669 25
236 1635 375 1673 capitum
389 1639 420 1664 te
433 1634 587 1672 perduxit,
602 1634 633 1663 in
648 1644 709 1672 quo
724 1633 865 1670 diximus,
881 1633 1057 1663 substantia
1072 1638 1103 1663 et
1117 1634 1234 1664 radices
1249 1644 1391 1664 numeros
1406 1637 1589 1672 coaequant.

664 1732 764 1770 Caput
786 1732 932 1770 quintum,
956 1733 1086 1770 quaestio
1108 1733 1213 1770 quinta

276 1815 447 1845 Denarium
471 1825 633 1845 numerum
656 1815 701 1844 ita
724 1815 756 1844 in
780 1814 841 1844 duo
865 1814 981 1851 diuido,
1006 1819 1041 1844 vt
1065 1825 1253 1853 vnaquaque
1276 1814 1436 1844 diuisionis
1459 1819 1548 1853 parte
1572 1824 1641 1844 cum

237 1866 336 1904 seipsa
351 1865 567 1903 multiplicata,
582 1864 714 1894 duorum
729 1864 951 1902 productorum
966 1874 1086 1894 summa
1101 1864 1141 1894 ad
1158 1866 1193 1902 58
1208 1865 1378 1903 perueniat.

278 1947 296 1961 r.
314 1938 472 1960 substantiam
491 1937 557 1960 cuius
575 1937 702 1959 diuisiones
723 1936 855 1963 (diuisionis
877 1936 910 1961 D)

237 1976 324 1998 fuerint
349 1975 487 2002 adimplebit
512 1978 552 2001 pro
577 1974 641 2001 quod
668 1992 672 1996 .
691 1992 695 1996 .
715 1992 719 1996 .
745 1973 911 2000 adimpleatur.

237 2014 281 2036 hac
293 2013 407 2035 diuisione
419 2013 449 2034 D.

278 2059 296 2073 2.
315 2058 368 2073 cum
383 2054 492 2077 quatuor,
509 2049 587 2076 ipsum
602 2052 733 2073 exeuntem,
750 2048 773 2070 id
789 2047 873 2070 deinde
888 2047 912 2070 in

237 2088 301 2115 quod
328 2087 449 2113 diuiditur,
477 2094 525 2109 rem
552 2093 711 2113 proponamus
738 2085 765 2108 C.
828 2085 912 2107 Multi-

237 2126 299 2152 plica
308 2133 362 2152 ergo
372 2132 420 2147 rem
431 2132 471 2151 per
480 2132 494 2151 4
504 2127 527 2146 et
538 2123 593 2146 fient
604 2131 617 2150 4
627 2131 663 2145 res
672 2123 705 2149 V;
724 2122 912 2149 Multiplicatam

236 2170 292 2189 ergo
301 2163 357 2184 iiiior
366 2166 389 2184 et
400 2162 455 2184 fient
465 2161 487 2183 xi
497 2169 532 2183 res
542 2161 572 2183 D.

278 2208 297 2227 4.
315 2203 464 2226 coequantes.
528 2206 581 2221 cum
597 2205 620 2220 re
636 2198 658 2220 D
674 2201 714 2224 pro
730 2197 780 2220 sine
795 2204 826 2219 re.
888 2200 912 2219 et

237 2245 307 2264 super
319 2245 332 2264 4
345 2244 381 2259 res
392 2237 468 2264 ipsam
480 2235 547 2262 adde,
562 2235 673 2262 fientque.

279 2282 298 2302 5.
315 2282 376 2301 ergo.

277 2313 297 2334 6.
315 2312 377 2338 Ergo
404 2315 443 2338 pro
468 2311 542 2333 Vnde.
612 2317 685 2337 usque
711 2309 741 2332 ad
767 2316 841 2331 unum
865 2315 911 2330 sex.

237 2354 265 2371 ut
276 2352 299 2371 et
310 2349 343 2375 V;
363 2356 405 2371 nos
417 2349 464 2375 (sed
475 2348 527 2373 del.)
540 2347 580 2370 ubi
591 2351 613 2370 et
625 2348 647 2369 D
661 2350 700 2374 pro
711 2346 751 2368 vbi
762 2346 841 2368 etiam.

277 2392 297 2411 9.
318 2384 426 2406 Terciam
441 2383 573 2405 substantie
587 2386 611 2405 et
626 2390 699 2405 unum
714 2382 811 2409 dragma
824 2382 848 2404 in
863 2385 913 2410 4OE

238 2422 371 2444 substantie
382 2425 404 2444 et
416 2429 463 2443 uno
474 2421 604 2447 dragmate.

280 2467 313 2481 ιο.
331 2466 423 2481 summa
435 2462 475 2485 pro
488 2458 630 2485 productum
643 2457 730 2484 ubique.

280 2504 313 2519 11.
332 2496 425 2523 fietque.

280 2540 358 2559 12—15.
376 2534 399 2555 in
423 2533 545 2559 dragmate
567 2532 672 2557 ductum,
697 2531 794 2558 dragma
816 2535 911 2558 generat

241 2571 375 2598 (generatur
394 2571 426 2595 D)
447 2570 590 2592 adiectiuum
608 2573 632 2591 et
651 2572 678 2595 3⁸
695 2569 727 2591 rei
748 2569 772 2591 in
790 2568 912 2595 dragmate

239 2608 312 2631 ducta
327 2610 377 2634 3⁸¹³
388 2607 419 2630 rei
432 2610 546 2635 procreat.
579 2606 624 2629 Sed
636 2610 659 2628 et
671 2609 700 2633 4³
709 2606 741 2628 rei
754 2606 778 2628 in
790 2605 912 2632 dragmate

964 1936 1043 1963 ducta,
1061 1940 1111 1964 4⁵¹³
1136 1937 1183 1964 (4ΜΞ
1198 1937 1231 1963 D)
1255 1937 1286 1959 rei
1314 1940 1461 1964 progenerat.
1494 1937 1545 1959 Hec
1570 1937 1642 1963 igitur

964 1981 1064 1997 summa.

1005 2019 1038 2039 15.
1056 2016 1078 2034 et
1091 2012 1122 2034 rei
1134 2014 1185 2039 4⁸³¹
1198 2015 1220 2034 et
1233 2012 1313 2034 etiam.

1004 2050 1038 2071 16.
1055 2049 1180 2071 drachmas
1191 2057 1234 2071 om.

1005 2087 1039 2108 18.
1058 2090 1150 2108 sextam
1166 2087 1196 2108 D.
1259 2090 1282 2108 et
1298 2089 1349 2113 3⁵⁸²
1360 2090 1391 2108 et.
1454 2086 1595 2113 coequantia
1607 2086 1641 2112 V;

964 2131 1004 2146 coe
1017 2125 1041 2149 -1-
1054 2124 1198 2151 adequantia
1225 2124 1256 2146 D.
1320 2124 1356 2146 Sic
1383 2124 1455 2150 igitur
1482 2123 1641 2146 substantiam

964 2161 1081 2188 compleas
1093 2165 1116 2183 et
1129 2161 1245 2188 quidquid
1257 2161 1375 2183 habueris.

1004 2206 1038 2220 20.
1057 2206 1068 2226 7
1086 2198 1181 2221 radices.
1244 2206 1342 2221 numero
1359 2198 1392 2224 V;
1419 2206 1462 2220 om.
1480 2198 1503 2220 D
1525 2198 1563 2220 sed
1583 2201 1641 2225 spat.

963 2236 1032 2258 relict.

1004 2281 1038 2295 21.
1055 2273 1078 2295 in
1091 2273 1174 2300 ipsam.
1237 2273 1349 2300 fientque.

1002 2318 1036 2334 22.
1052 2311 1102 2333 Hec
1111 2311 1180 2337 igitur
1189 2318 1258 2338 super
1267 2312 1309 2333 228
1316 2310 1405 2333 adicias
1412 2313 1435 2333 et
1442 2310 1507 2334 fient.
1566 2310 1644 2333 Huius

966 2348 1044 2376 (Hanc
1056 2348 1088 2374 D)
1102 2356 1164 2375 ergo.

1002 2393 1036 2411 23.
1053 2389 1075 2407 et
1088 2393 1114 2408 ex
1126 2386 1158 2407 eis
1170 2385 1215 2407 tria
1227 2388 1249 2407 et
1262 2385 1368 2407 medium
1380 2385 1504 2408 diminuas.

1004 2430 1038 2449 24.
1055 2423 1105 2445 Hec
1117 2430 1170 2449 ergo
1182 2423 1215 2449 V;
1236 2423 1288 2445 Iam
1300 2423 1323 2444 in
1337 2423 1387 2445 hoc
1400 2423 1430 2444 D.
1492 2422 1522 2444 ad
1535 2429 1609 2444 unum
1621 2423 1642 2444 6.

1004 2467 1014 2481 2
1019 2467 1038 2487 5.
1055 2459 1194 2482 substantie.
1257 2467 1390 2482 numerum.

1253 2514 1367 2540 [ΜΝ.
1383 2498 1589 2556 [φῆ-3η
1611 2513 1642 2535 D.

963 2575 1107 2595 unaquaque
1123 2567 1237 2590 diuisione
1253 2567 1276 2589 in
1293 2567 1445 2594 semetipsam
1463 2566 1573 2592 deducta,
1590 2569 1643 2589 tota

964 2605 1167 2632 multiplicationis
1179 2612 1273 2627 summa
1285 2604 1315 2627 ad
1327 2605 1355 2632 58
1367 2604 1486 2626 tendatur.

1004 2520 1037 2540 27.
1055 2514 1087 2536 sic
1098 2517 1138 2540 pro
1149 2514 1190 2536 ita.
