1780 2995
261 262 302 291 90
598 252 717 281 LIBER
744 252 953 280 ALGEBRAE
981 252 1031 280 ET
1057 252 1326 280 ALMUCABOLA

239 357 249 371 1
261 344 464 382 oppositionis
480 344 510 374 in
526 355 577 374 sex
592 344 756 383 capitibus,
772 354 852 382 quae
867 344 897 373 in
913 343 1063 382 principio
1079 343 1168 373 huius
1184 343 1252 373 libri
1267 343 1491 382 praemisimus,
1507 344 1666 374 contineri.

261 394 292 423 N
294 403 353 423 unc
365 403 466 432 porro,
478 394 634 432 quomodo
647 404 693 423 res
706 394 753 423 vel
767 394 893 430 radices,
907 393 1033 431 quando
1043 393 1091 422 vel
1104 393 1186 422 solae
1196 393 1243 423 vel
1257 403 1327 423 cum
1340 393 1397 423 illis
1411 394 1529 423 numeri
1542 394 1666 430 fuerint,

261 448 316 472 aut
331 443 456 481 quando
471 454 506 473 ex
521 444 563 473 eis
578 444 695 473 numeri
711 443 850 479 extracti,
866 453 919 472 seu
934 453 1003 472 cum
1018 443 1102 481 ipsae
1117 453 1152 472 ex
1167 443 1301 472 numeris
1316 448 1472 472 extractae
1487 443 1611 480 suerint,
1627 443 1666 473 ad

261 492 393 522 inuicem
418 493 672 531 multiplicentur,
694 494 741 523 vel
763 493 919 531 quomodo
939 493 979 522 ad
1000 493 1131 522 inuicem
1161 493 1337 531 iungantur,
1359 493 1406 522 vel
1437 503 1472 522 ex
1493 493 1559 522 aliis
1579 493 1667 522 dimi-

237 556 249 576 5
261 547 407 579 nuantur,
424 543 567 581 deinceps
583 543 747 573 dicendum
763 548 818 572 est.

300 593 336 621 In
350 592 456 630 primis
470 603 540 630 ergo
553 593 710 623 sciendum
724 598 780 629 est,
794 593 878 631 quod
891 603 1035 622 numerus
1049 602 1119 622 cum
1133 603 1259 622 numero
1273 592 1471 630 multiplicari
1484 603 1545 622 non
1558 593 1666 631 possit,

261 642 318 671 nisi
341 652 411 671 cum
434 653 578 672 numerus
601 643 853 681 multiplicandus
877 642 968 672 toties
991 647 1141 678 sumatur,
1165 642 1286 680 quoties
1308 642 1339 671 in
1362 652 1489 672 numero
1512 652 1582 672 cum
1605 652 1667 680 quo

260 691 325 729 ipse
349 692 583 730 multiplicatur,
609 693 712 722 vnitas
737 693 895 731 reperitur.
940 692 1020 722 Cum
1045 702 1115 729 ergo
1140 692 1212 721 nodi
1237 702 1434 722 numerorum
1459 697 1490 721 et
1514 702 1584 722 cum
1608 692 1667 721 illis

261 741 379 779 aliquot
394 742 530 772 vnitates
544 743 720 780 propositae
735 743 859 779 fuerint,
875 746 929 771 aut
944 742 968 771 si
983 742 1119 771 vnitates
1134 742 1173 771 ab
1188 742 1245 771 illis
1260 742 1438 771 subtractae
1452 742 1576 778 fuerint,
1593 746 1667 771 tunc

224 804 250 819 10
261 791 478 829 multiplicatio
491 797 601 830 quater
615 792 782 830 repetenda
796 792 866 828 erit;
882 792 939 821 hoc
954 797 999 821 est
1014 792 1086 821 nodi
1100 792 1199 830 primo
1212 802 1282 821 cum
1296 792 1393 828 nodis,
1407 791 1544 821 vnitates
1556 791 1667 821 deinde

260 851 331 870 cum
348 841 446 878 nodis,
464 846 495 871 et
512 842 584 871 nodi
602 852 672 871 cum
689 842 872 878 vnitatibus,
891 852 926 871 ac
944 842 1070 871 tandem
1087 841 1223 871 vnitates
1241 851 1310 871 cum
1328 841 1501 870 vnitatibus
1519 841 1667 879 multipli-

261 891 378 921 candae
406 896 505 921 erunt.
549 892 629 921 Cum
658 892 763 930 itaque
791 892 927 921 vnitates
956 902 1035 929 quae
1063 902 1134 921 cum
1162 891 1250 920 nodis
1278 891 1532 929 pronunciantur,
1561 901 1667 920 omnes

260 941 399 970 adiectae
415 941 479 971 siue
495 952 600 971 omnes
617 942 788 971 diminutae
805 942 928 978 fuerint,
946 946 1058 979 quarta
1074 941 1292 979 multiplicatio
1308 941 1365 970 erit
1382 941 1533 970 addenda.
1576 940 1667 978 Quod

260 991 284 1020 si
304 991 458 1029 quaedam
477 1001 582 1020 earum
602 991 716 1021 fuerint
735 991 883 1028 adiectae,
904 991 1057 1029 quaedam
1077 991 1149 1020 vero
1169 991 1357 1027 diminutae3
1388 995 1500 1029 quarta
1519 990 1667 1028 multipli-

223 1052 249 1072 15
260 1040 342 1070 catio
357 1041 414 1070 erit
429 1041 607 1070 minuenda.

300 1090 475 1120 Similitudo
494 1091 564 1120 talis
582 1095 637 1127 est,
659 1101 694 1120 10
711 1095 742 1120 et
760 1091 821 1120 duo
840 1101 909 1120 cum
930 1101 965 1120 10
983 1096 1013 1120 et
1031 1101 1092 1120 vno
1110 1090 1345 1129 multiplicanda
1363 1095 1445 1120 sunt.
1488 1089 1666 1128 Multiplica

260 1150 330 1177 ergo
345 1150 379 1169 10
391 1150 461 1170 cum
476 1151 520 1177 10,
532 1145 563 1169 et
584 1140 798 1178 producuntur
813 1151 883 1177 1003
907 1140 1016 1169 deinde
1031 1150 1043 1168 2
1057 1150 1127 1169 cum
1142 1151 1186 1177 10,
1199 1145 1227 1169 et
1250 1145 1452 1178 procreantur
1465 1150 1500 1169 20
1512 1139 1664 1169 addenda.

260 1189 405 1219 Similiter
423 1200 458 1219 10
473 1200 543 1219 cum
559 1200 630 1226 vno,
647 1195 677 1219 et
701 1195 901 1228 procreantur
920 1201 954 1219 10
976 1190 1128 1226 addenda,
1145 1195 1175 1219 et
1191 1190 1253 1219 duo
1276 1200 1346 1219 cum
1361 1190 1492 1225 vnitate,
1508 1194 1538 1219 et
1554 1189 1666 1228 produ-

260 1244 372 1269 cuntur
391 1250 404 1268 2
422 1240 575 1269 addenda.
618 1241 699 1269 Tota
715 1240 808 1278 igitur
824 1240 914 1269 huius
931 1240 1196 1278 multiplicationis
1213 1250 1333 1269 summa
1349 1240 1380 1269 in
1400 1250 1452 1277 132
1471 1239 1664 1269 terminatur.

222 1306 250 1321 20
260 1290 301 1318 Et
317 1289 375 1319 hoc
391 1294 436 1319 est
453 1290 537 1328 quod
553 1289 694 1326 diximus,
712 1290 836 1328 quando
852 1290 988 1319 vnitates
1004 1300 1083 1328 quae
1099 1300 1169 1319 cum
1186 1289 1273 1319 nodis
1288 1289 1543 1328 pronunciantur,
1559 1299 1666 1319 omnes

260 1339 375 1368 fuerint
391 1339 540 1369 adiectae.

299 1389 341 1418 At
360 1389 485 1427 quando
508 1400 543 1418 10
562 1389 626 1418 sine
648 1399 661 1418 2
682 1399 752 1418 cum
775 1399 810 1418 10
828 1389 892 1418 sine
912 1399 973 1418 vno
993 1389 1196 1427 multiplicare
1216 1389 1357 1426 volueris,
1378 1389 1461 1419 dicas
1484 1400 1519 1418 10
1538 1399 1608 1419 cum
1631 1400 1666 1418 10

259 1444 407 1476 generant
428 1449 492 1475 100,
511 1444 541 1468 et
559 1439 621 1468 duo
638 1439 792 1468 diminuta
810 1449 880 1468 cum
901 1449 935 1468 10
952 1444 1114 1477 procreant
1135 1449 1170 1468 20
1188 1439 1397 1468 diminuenda.
1440 1440 1521 1469 Item
1542 1450 1577 1468 10
1595 1449 1663 1468 cum

260 1498 322 1517 vno
338 1493 501 1526 procreant
528 1499 562 1518 10
578 1489 742 1518 diminuta.
785 1489 853 1518 Hoc
878 1493 983 1518 autem
1000 1493 1103 1518 totum
1127 1498 1163 1526 70
1186 1489 1413 1527 complectitur.
1457 1489 1516 1519 Sed
1542 1489 1603 1518 duo
1620 1489 1664 1518 di-

223 1554 248 1575 25
260 1538 381 1568 minuta
397 1549 468 1568 cum
479 1549 541 1567 vno
553 1538 716 1575 diminuto,
730 1539 791 1568 duo
802 1543 965 1576 procreant
977 1539 1129 1568 addenda.
1173 1539 1255 1568 Tota
1267 1549 1336 1576 ergo
1348 1539 1423 1569 haec
1443 1549 1564 1568 summa
1580 1539 1611 1568 in
1629 1547 1663 1576 72

261 1588 454 1618 terminatur.
501 1589 541 1618 Et
556 1588 613 1618 hoc
628 1593 674 1618 est
688 1589 772 1626 quod
786 1588 928 1624 diximus,
944 1589 1069 1626 quando
1083 1599 1189 1618 omnes
1204 1589 1376 1618 diminutae
1391 1589 1515 1618 fuerint.

300 1638 331 1668 Si
345 1643 451 1668 autem
474 1649 508 1667 10
527 1643 557 1668 et
579 1648 592 1667 2
612 1648 682 1668 cum
705 1649 739 1667 10
754 1638 819 1668 sine
834 1648 895 1667 vno
911 1638 1116 1676 multiplicare
1131 1638 1281 1668 volueris:
1304 1639 1387 1668 dicas
1406 1649 1441 1668 10
1456 1649 1527 1668 cum
1545 1649 1580 1668 10
1598 1649 1663 1675 100,

301 1745 320 1759 1.
337 1737 442 1764 capitulo
454 1737 485 1759 D.
1030 1745 1063 1763 19.
1084 1744 1124 1763 132
1151 1741 1261 1759 creantur
1288 1737 1318 1760 D.
1382 1737 1402 1760 C
1423 1737 1489 1760 add.:
1523 1740 1550 1759 vt
1566 1745 1664 1765 sequeus

301 1782 319 1796 2.
337 1775 408 1796 Nunc
433 1782 487 1801 ergo
513 1774 638 1796 dicendum
664 1774 809 1800 (addendum
832 1774 865 1799 D)
893 1778 936 1798 est.
989 1774 1060 1797 habet
1072 1774 1182 1797 calculus.
1243 1782 1270 1796 10
1301 1778 1324 1797 et
1358 1782 1368 1796 2

261 1811 283 1834 id
295 1815 330 1834 est
343 1811 432 1834 radices
443 1811 539 1838 quando
551 1812 597 1834 sole
609 1812 694 1834 fuerint
707 1811 744 1834 uel
756 1811 851 1839 quando
863 1819 923 1835 cum.
1139 1819 1192 1834 cum
1241 1819 1268 1833 10
1299 1816 1321 1834 et
1357 1820 1365 1833 1
1380 1811 1539 1839 multiplicata

299 1856 320 1875 3.
338 1849 374 1871 uel
406 1853 446 1876 pro
479 1853 520 1871 aut
553 1849 580 1871 V.
643 1856 753 1871 numeros
785 1849 935 1871 extraxerint.
1229 1857 1270 1871 100
1343 1857 1371 1871 20

261 1886 356 1913 quando
369 1890 409 1913 pro
423 1894 483 1908 cum.
1343 1894 1370 1908 10
1403 1894 1412 1908 1

300 1932 320 1950 4.
338 1927 360 1946 et
377 1924 478 1951 qualiter
494 1924 626 1946 adinuicern
644 1924 777 1951 iungantur,
793 1927 816 1946 et
835 1923 936 1950 qualiter
1144 1924 1278 1951 producunt
1328 1932 1368 1950 132

261 1961 358 1988 quidam
376 1961 426 1988 (qui
441 1961 473 1986 D)
491 1969 517 1983 ex
529 1961 579 1983 aliis
590 1961 751 1984 diminuantur
766 1965 806 1989 pro
821 1961 890 1984 vell.
909 1980 913 1984 .
931 1980 935 1984 .
1028 1968 1062 1983 20.
1081 1961 1128 1988 qui.

261 2002 304 2022 est.
1027 2006 1061 2020 22.
1082 2006 1108 2020 10
1125 1999 1175 2021 sine
1192 2006 1239 2021 uno
1257 1999 1280 2021 in
1302 2006 1328 2021 10
1346 1999 1395 2021 sine
1413 2006 1460 2021 uno
1480 1999 1516 2026 (4-
1528 1999 1551 2021 in
1571 2006 1598 2021 10
1615 1999 1664 2021 sine

300 2037 320 2058 6.
338 2040 373 2058 est
386 2044 429 2057 om.
443 2036 470 2058 V.
533 2043 612 2063 quam.
676 2036 698 2058 in
711 2043 842 2058 numerum.
988 2043 1035 2058 uno
1047 2036 1086 2062 V).

300 2080 320 2100 7.
338 2075 406 2095 cum¹
421 2081 463 2095 om.
511 2073 705 2100 duplicandusD.
764 2073 935 2100 tociensdupli-
1027 2080 1105 2100 23-25.
1123 2077 1147 2095 et
1168 2081 1241 2095 unum
1263 2073 1408 2096 diminutum
1429 2073 1453 2095 in
1477 2081 1503 2095 10
1524 2073 1661 2099 deductum,

262 2114 328 2132 cetur
339 2111 457 2137 quociens.
520 2111 543 2132 in
559 2111 611 2136 (om.
625 2111 658 2135 D)
673 2118 750 2137 quem.
989 2118 1015 2132 10
1039 2114 1162 2137 procreant
1187 2111 1338 2133 diminutiua.
1376 2111 1438 2133 Item
1462 2118 1536 2133 unum
1561 2110 1663 2133 diminu-

300 2149 320 2170 8.
338 2148 504 2175 multiplicatio
516 2148 546 2170 D.
601 2148 664 2170 modi
676 2148 697 2170 D
710 2148 802 2174 saepius
809 2155 818 2174 ;
834 2148 853 2170 C
864 2148 916 2170 add.
927 2155 934 2169 :
987 2151 1038 2169 tum
1051 2148 1230 2173 (diminutiuum
1243 2148 1276 2173 D)
1293 2148 1316 2170 in
1333 2155 1360 2169 10
1375 2148 1511 2173 deductum,
1527 2155 1553 2169 10
1567 2152 1663 2174 generat

261 2192 301 2207 seu
314 2185 403 2208 incerta
415 2189 437 2207 et
451 2185 550 2207 obscura
563 2185 672 2212 cognitio.
986 2185 1135 2207 diminutiua.
1168 2186 1221 2207 Hoc
1247 2193 1301 2212 ergo
1325 2189 1403 2208 totum
1430 2186 1459 2207 80
1483 2186 1527 2212 (31,
1550 2189 1569 2207 et
1592 2186 1620 2207 80
1644 2185 1663 2207 C

303 2230 382 2244 10—12.
399 2223 422 2244 id
432 2226 465 2244 est
477 2222 550 2244 nodos
560 2223 582 2244 in
594 2223 630 2249 (-†-
642 2223 717 2249 prima
726 2223 759 2248 D)
770 2222 838 2244 nodis
849 2225 871 2244 et
884 2222 934 2244 uni<
986 2222 1022 2244 sed
1038 2222 1090 2248 dcl.)
1115 2222 1275 2249 amplectitur.
1315 2223 1359 2245 Sed
1382 2226 1405 2245 et
1422 2230 1496 2245 unum
1518 2222 1662 2245 diminutum

263 2263 324 2282 tates
338 2260 361 2282 in
376 2260 443 2282 nodis
459 2260 511 2285 (om⁴
527 2260 559 2285 D)
575 2264 598 2282 et
613 2260 698 2282 iterum
712 2260 816 2282 unitates
830 2260 853 2282 in
867 2259 935 2282 nodis
985 2259 1009 2281 in
1031 2267 1078 2281 uno
1100 2259 1243 2282 diminutiuo
1265 2267 1339 2282 unum
1362 2263 1485 2287 procreant
1509 2260 1662 2282 adiectiuurn.

262 2300 284 2318 et
298 2297 403 2319 unitates
416 2304 468 2319 cum
482 2297 622 2319 unitatibus.
655 2297 716 2319 Cum
729 2304 790 2324 ergo.
1025 2298 1059 2319 26.
1078 2296 1096 2319 C
1108 2297 1173 2319 mid..-
1193 2301 1219 2319 vt
1232 2297 1344 2324 sequitur,

301 2342 334 2360 13.
353 2334 484 2356 adiectiuus
507 2338 547 2361 pro
571 2334 677 2356 adiectus
699 2335 748 2356 siue
771 2334 894 2356 addendus
916 2337 935 2356 cl
1210 2342 1236 2356 10
1267 2335 1316 2356 sine
1365 2342 1375 2356 2

261 2373 361 2399 saepius.
424 2375 465 2393 sua
485 2375 525 2398 pro
549 2372 597 2393 siue
620 2372 651 2394 D.
714 2372 870 2394 diminutiuus
895 2375 935 2398 pro
1107 2379 1159 2393 cum
1210 2379 1236 2393 10
1267 2372 1316 2394 sine
1365 2379 1374 2393 1
1408 2371 1518 2398 multipli.

262 2409 394 2431 diminutus
404 2410 454 2431 siue
466 2409 631 2431 diminuendus
642 2412 661 2431 et
672 2409 772 2436 saepius.
1196 2417 1238 2431 100
1269 2410 1308 2431 mi.
1351 2416 1379 2431 20

303 2454 336 2473 14.
354 2446 398 2468 alie
410 2447 443 2472 V;
464 2446 510 2468 alia
522 2447 544 2468 D
558 2450 598 2473 pro
610 2446 743 2473 quaedam2.
805 2445 936 2473 multiplico
1269 2447 1307 2468 mi.
1351 2454 1378 2468 10

262 2484 295 2510 V;
315 2483 474 2510 multiplicato
486 2484 516 2505 D.
1142 2484 1238 2506 Summa
1250 2484 1317 2511 prod.
1351 2491 1379 2510 70

303 2522 381 2547 16—19.
415 2521 499 2543 Dicam
513 2528 567 2548 ergo
582 2528 609 2543 10
622 2521 645 2543 in
662 2528 694 2546 ιο,
712 2528 754 2542 100
767 2524 898 2548 procreant,
912 2524 936 2542 et
1266 2521 1318 2551 plus
1366 2528 1375 2542 1

262 2565 336 2580 unum
348 2558 371 2580 in
384 2565 417 2583 10,
433 2566 459 2579 10
470 2562 565 2584 generat
577 2558 695 2580 adiectiua
705 2562 728 2580 et
741 2566 751 2580 2
763 2559 786 2580 in
801 2566 833 2583 10,
847 2565 874 2580 20
885 2565 937 2584 pro<
1351 2565 1376 2585 71

263 2599 342 2617 creant
353 2595 477 2619 adiectiua.
488 2599 511 2617 et
521 2595 568 2617 duo
577 2595 601 2617 in
612 2603 621 2617 1
632 2595 679 2617 duo
688 2599 800 2622 generant
810 2595 936 2618 adiectiua.
1020 2602 1054 2622 27.
1071 2595 1144 2618 ducas
1155 2599 1194 2622 pro
1205 2595 1278 2618 Dicas
1288 2596 1319 2617 D.
1381 2595 1440 2617 fiunt
1454 2602 1495 2617 100
1505 2595 1534 2619 V.
